3459 5300
1563 577 1648 641 55

598 756 775 821 Bmx
806 753 854 837 ¹)
916 759 1078 822 ante
1141 773 1244 821 vs.
1307 756 1439 822 364
1487 757 1801 822 lacunam
1848 756 2117 830 statuit,
2166 757 2322 836 quia
2371 758 2711 839 parasitus

507 878 804 943 nondum
865 877 1125 961 dixerit,
1190 877 1349 960 quid
1413 877 1612 944 anulo
1675 878 1889 944 facere
1953 877 2173 975 yellet,
2239 895 2453 960 neque
2508 880 2710 946 Phae·

508 998 781 1064 dromus
842 998 1054 1064 dicere
1112 999 1328 1080 possit
1397 998 1696 1084 „laudo’'‚
1745 999 1986 1079 quippe
2033 999 2148 1080 qui
2195 999 2494 1066 nondum
2540 1002 2711 1083 quic-

509 1137 713 1202 quam
771 1121 852 1186 de
897 1121 1178 1201 parasiti
1223 1121 1496 1186 consilio
1543 1121 1892 1204 audiverit,
1945 1138 2100 1186 cum
2146 1126 2379 1187 tamen
2426 1139 2528 1186 vs.
2580 1121 2712 1186 365

510 1244 580 1306 et
643 1241 774 1307 369
834 1259 932 1323 sq.
979 1242 1104 1308 hoc
1146 1242 1501 1309 consilium
1547 1242 1982 1324 significetur.
2055 1242 2299 1319 Gonwz,
2347 1243 2460 1324 qui
2507 1243 2713 1322 igitur

508 1366 739 1429 censet
789 1361 1067 1446 „laudo”
1114 1363 1366 1445 optime
1411 1363 1494 1429 ad
1532 1364 1999 1444 praecedentia
2036 1365 2275 1430 referri'
2301 1374 2514 1448 posse,
2557 1382 2712 1431 non·

508 1484 692 1550 nulla
752 1485 1084 1550 desiderat
1142 1487 1298 1566 post
1344 1502 1448 1550 νε.
1499 1484 1664 1565 364;
1716 1483 1877 1550 facit
1923 1501 2077 1564 ergo
2123 1502 2277 1551 cum
2326 1486 2569 1552 BR1x1o
2614 1502 2711 1550 ar-

512 1607 794 1672 bitranti
856 1606 1212 1672 nonnullos
1258 1606 1533 1686 periisse
1582 1623 1841 1688 versus,
1891 1607 2134 1687 quibus
2181 1607 2522 1689 parasitus
2568 1623 2713 1672 con·

513 1728 737 1795 silium
799 1744 1002 1793 suum
1048 1727 1454 1808 exposuerit.
1501 1725 1637 1792 Lno
1685 1744 1999 1792 scaenam
2046 1727 2464 1792 decurtat-am
2511 1726 2713 1791 ducit.

513 1850 834 1933 Equidem
881 1848 1048 1913 nihil
1092 1850 1363 1914 omnino
1409 1848 1769 1914 desiderari
1808 1852 1992 1929 puto.
2043 1848 2217 1913 Nam
2258 1865 2479 1914 nonne
2520 1846 2716 1927 plane

511 1971 942 2053 perspicuum
988 1953 1148 2034 esse
1184 1969 1380 2034 debet
1425 1967 1854 2049 Phaedrome,
1904 1967 2063 2050 quid
2109 1968 2389 2048 parasiti
2436 1967 2530 2032 sit
2569 1984 2715 2033 con-

513 2092 791 2158 silium?
848 2087 1087 2156 Nonne
1149 2088 1614 2155 Curculionem
1676 2091 2068 2154 narrantem
2125 2088 2385 2154 audivit
2430 2091 2501 2153 et
2544 2088 2720 2153 inter

509 2213 818 2278 lenonem
863 2230 941 2278 ac
989 2211 1274 2277 militem
1320 2211 1737 2293 convenisse,
1787 2212 1869 2275 ut
1912 2213 2029 2290 qui
2068 2209 2348 2275 tabellas
2372 2209 2718 2275 attulisset

511 2335 749 2400 militis
794 2335 1181 2413 obsignatas
1226 2333 1446 2414 anulo,
1497 2330 1845 2398 mulierem
1869 2331 2217 2414 acciperet,
2242 2334 2313 2397 et
2336 2330 2709 2398 seanulum

511 2455 712 2522 militi
736 2455 1134 2521 subduxisse
1149 2456 1184 2519 5?
1217 2455 1456 2520 Nonne
1480 2453 1941 2536 unusquisque
1964 2453 2257 2519 fabulam
2279 2453 2506 2532 legens
2528 2469 2707 2516 nunc
2777 2536 2780 2540 Ι

510 2578 749 2644 statim
809 2577 1141 2659 intelligit,
1207 2577 1364 2659 quid
1411 2577 1751 2659 parasitus
1796 2575 1866 2640 in
1913 2576 2140 2642 animo
2185 2574 2480 2640 habeat?
2529 2573 2707 2637 Num

509 2702 864 2783 quisquam
901 2703 1238 2783 spectator
1275 2700 1357 2765 de
1395 2699 1540 2764 eius
1579 2697 1855 2764 consilio
1878 2700 2178 2765 incertus
2206 2697 2461 2763 fuerit?
2505 2696 2709 2761 Phae-

503 2824 784 2889 dromus
822 2840 895 2889 se
933 2822 1353 2904 perspexisse
1378 2821 1710 2900 significat
1740 2821 1998 2886 dicens:
2032 2819 2328 2905 „laudo”.
2370 2816 2708 2898 Quomodo

507 2947 739 3010 autem
811 2946 1032 3011 Gon'rz
1093 2948 1334 3026 putare
1395 2942 1612 3024 possit
1672 2942 1812 3008 fieri
1880 2942 2197 3025 potuisse,
2262 2945 2343 3008 ut
2404 2938 2707 3005 Curculio

508 3064 936 3143 Phaedrome,
988 3064 1103 3146 qui
1146 3062 1528 3129 laudatione
1566 3078 1690 3127 sua
1728 3061 2029 3127 ostendit
2065 3060 2417 3127 consilium
2456 3076 2529 3145 se
2567 3076 2705 3149 per·

507 3185 810 3267 spexisse
859 3184 1066 3268 (omni
1113 3184 1294 3249 enim
1342 3184 1682 3248 sententia
1732 3198 1901 3271 sana
1952 3182 2228 3267 „laudo”
2265 3184 2511 3263 careat,
2574 3181 2708 3246 nisi

506 3308 628 3372 hoc
711 3305 1162 3388 accipiamus),
1245 3306 1476 3369 tamen
1545 3303 1669 3368 hoc
1736 3302 2113 3383 explicaret,
2187 3320 2295 3368 me
2364 3304 2701 3385 praeter-it.

507 3426 814 3493 Curculio
881 3426 1195 3492 laudandi
1239 3425 1539 3491 nondum
1585 3428 1858 3506 tempus
1901 3439 2049 3489 esse
2096 3424 2479 3489 existimat:
2536 3425 2704 3510 „lau-

505 3549 705 3615 dato”
752 3549 852 3613 ait
904 3548 1208 3634 „quando
1255 3547 1413 3612 illud
1461 3546 1633 3629 quod
1679 3546 1869 3627 cupis
1909 3545 2203 3611 effecero.
2254 3546 2449 3613 Nunc
2471 3563 2705 3613 eamus

506 3670 686 3735 intro
757 3669 826 3751 (i.
853 3687 909 3735 0.
985 3678 1188 3735 ‘nunc
1255 3668 1482 3749 potius
1544 3669 1724 3734 intro
1781 3684 2037 3749 eamus,
2100 3667 2412 3733 laudandi
2471 3672 2703 3749 postea

505 3791 635 3855 erit
681 3791 1022 3874 tempus’),
1073 3794 1152 3856 ut
1199 3790 1478 3856 tabellas
1523 3789 2061 3869 consignemus’'.

579 4020 637 4089 1)
671 4018 826 4073 Neue
861 4016 1192 4073 Jahrbiicher
1229 4018 1384 4081 1870,
1423 4035 1472 4088 p.
1512 4017 1632 4071 765.
