3459 5300
1775 585 1902 649 142

734 760 872 826 Sat.
931 762 989 844 5,
1048 762 1163 827 19:
1220 764 1529 849 „bullatis
1576 768 1842 846 nugis,’'
1888 767 2004 833 ubi
2049 767 2296 834 iniuria
2340 767 2642 834 meliores
2687 767 2942 832 codices

724 883 1007 967 pullatis
1054 887 1365 967 praebere
1412 888 1577 953 mihi
1624 889 1960 955 videntur.

828 1145 929 1194 vs,
977 1129 1109 1193 618
1157 1145 1299 1210 sqq.
1351 1129 1970 1212 Therapontigonus
2016 1113 2422 1198 Phaedromo
2467 1130 2750 1210 roganti,
2789 1130 2942 1211 quis

734 1249 796 1314 ei
837 1249 1166 1331 virginem
1206 1252 1536 1333 mancipio
1576 1253 1834 1318 dederit
1870 1256 1991 1319 aut
2030 1254 2206 1319 unde
2243 1254 2503 1329 emerit,
2546 1252 2938 1333 respondet:

928 1373 1064 1450 Ego
1123 1371 1393 1453 quidem
1453 1390 1571 1454 pro
1630 1374 1804 1439 istac
1856 1390 2000 1439 rem
2044 1374 2216 1441 solvi
2261 1375 2344 1440 ab
2393 1373 2723 1454 trapezita
2770 1389 2938 1439 meo.

921 1493 1135 1573 Quam
1195 1509 1315 1574 ego
1378 1493 1729 1575 pecuniam
1774 1495 2269 1578 quadruplicem
2315 1497 2436 1563 abs
2479 1499 2549 1562 te
2592 1499 2666 1563 et
2708 1496 2943 1561 lenone

2499 1618 2848 1700 [auferam.

743 1737 873 1801 620
920 1736 1061 1802 ΡΗ.
1120 1737 1245 1817 Qui
1305 1737 1437 1803 scis
1494 1739 1773 1804 mercari
1838 1739 2127 1805 furtivas
2188 1743 2391 1821 atque
2445 1740 2770 1821 ingenuas
2816 1739 2940 1804 vir·

2615 1862 2853 1946 [sines

924 1981 1215 2046 Ambula
1250 1981 1322 2045 in
1360 1980 1488 2047 ius,
1535 1982 1676 2060 ΤΗ.
1718 1981 1872 2048 Non
1910 1999 2007 2049 eo.
2038 1983 2178 2048 PH.
2203 1983 2390 2049 Licet
2421 1983 2546 2068 [te]
2575 1983 2950 2049 antestari?

2270 2107 2442 2187 [TH.
2489 2106 2639 2172 Non
2684 2106 2857 2171 licet.

924 2226 1068 2291 PH.
1100 2225 1428 2307 'Iuppitur
1472 2228 1563 2301 te,
1614 2226 1826 2308 mileS,
1876 2226 2126 2309 perdat,
2174 2228 2545 2294 intestatus
2589 2228 2839 2321 vivito;

927 2349 1027 2413 At
1086 2363 1229 2426 ego,
1287 2363 1487 2429 quem
1547 2346 1721 2430 licet,
1787 2350 1876 2412 te.
1939 2348 2199 2415 Accede
2260 2350 2410 2415 huc.
2475 2349 2615 2414 TH.
2672 2349 2950 2414 Servom

2021 2467 2433 2553 [antestari'P
2481 2470 2617 2536 CV.
2669 2470 2858 2536 Vide.

751 2593 903 2658 624.
933 2590 1063 2655 625
1088 2590 1213 2655 Em
1273 2592 1354 2655 ut
1412 2589 1585 2657 scias
1649 2608 1759 2658 me
1806 2589 2083 2657 liberum
2133 2608 2300 2658 esse.
2350 2591 2520 2673 Ergo
2565 2591 2837 2658 ambula
2881 2589 2950 2657 in

2149 2716 2303 2795 [ius.
2352 2715 2493 2779 ΤΗ.
2543 2714 2667 2780 Em
2719 2714 2860 2779 tibi.

931 2836 1005 2901 C.
1070 2836 1122 2901 O
1166 2835 1372 2912 civeS,
1420 2835 1619 2901 cives.
1671 2836 1814 2900 ΤΗ.
1865 2835 2031 2917 Quid
2077 2836 2376 2901 clamas?
2420 2837 2561 2902 PH.
2611 2836 2780 2917 Quid
2831 2836 2946 2901 tibi

2055 2958 2062 2963 ’
2163 2960 2403 3039 [istum
2451 2959 2658 3024 tactio
2705 2959 2863 3023 est?

932 3080 1074 3145 ΤΗ.
1124 3081 1292 3161 Quia
1337 3080 1503 3146 mihi
1548 3079 1840 3145 lubitum
1877 3082 2005 3146 est.
2044 3080 2185 3144 PH.
2226 3079 2486 3146 Accede
2524 3080 2654 3145 huc
2693 3082 2794 3155 tu,
2833 3096 2952 3159 ego

1952 3200 2173 3284 [illum
2217 3200 2341 3265 tibi
2386 3201 2642 3283 dedam,
2691 3204 2858 3265 tace.

928 3323 1056 3389 PL.
1121 3323 1548 3399 Phaedrome,
1609 3324 1880 3389 obsecro
1942 3340 2139 3389 serva
2201 3340 2329 3389 me.
2386 3323 2525 3387 PH.
2575 3323 2946 3404 Tamquam

1993 3444 2127 3531 [me
2173 3448 2244 3510 et
2288 3445 2563 3524 genium
2606 3462 2853 3511 meum.

838 3566 947 3634 Sic
1008 3567 1240 3633 scribit
1294 3566 1415 3633 hos
1463 3583 1705 3632 versus
1753 3568 2224 3648 distribuitque
2268 3584 2585 3648 personas
2636 3566 2786 3650 Luo,
2837 3565 2951 3632 sed

752 3690 1052 3771 pluribus
1111 3688 1269 3753 locis
1331 3688 1642 3754 discessit
1693 3706 1737 3753 a
1781 3688 2132 3754 codicibus.
2184 3688 2574 3765 VideamuS,
2620 3691 2956 3769 quatenus

746 3811 1123 3893 sequendus
1172 3809 1283 3875 sit.
1334 3809 1454 3875 Vs.
1504 3811 1637 3873 619
1686 3828 1922 3876 omnes
1968 3811 2254 3876 editores
2293 3810 2698 3876 continuant
2735 3809 2954 3885 militi,

746 3933 991 3997 iniuria
1038 3931 1254 4013 siquid
1308 3929 1499 3997 video
1547 3931 1901 3997 reicientes
1949 3932 2363 3997 sententiam
2410 3928 2696 3997 Dmsm
2729 3929 2795 4014 ¹),
2842 3929 2957 4011 qui

745 4072 905 4121 eum
965 4053 1203 4119 tribuit
1265 4052 1691 4119 Phaedromo.
1763 4054 2046 4119 Omnino
2111 4054 2291 4119 enim
2352 4069 2591 4119 versus
2649 4069 2691 4117 a
2743 4050 2956 4116 milite

815 4344 872 4411 1)
908 4340 1261 4397 Plautinische
1309 4341 1552 4411 Studien,
1591 4341 1887 4397 zeitschrift
1920 4342 2005 4395 fiir
2045 4341 2545 4415 Rechtsgeschichto
2582 4342 2612 4397 I
2648 4361 2698 4415 p.
2739 4342 2840 4397 352
2877 4361 2954 4415 sq.

747 4432 803 4482 ot
842 4430 945 4483 360
982 4447 1093 4501 sqq.
