3459 5300
1782 525 1868 592 74

713 705 1164 789 „sycophanta
1232 704 1444 785 φαίνει
1493 711 1674 791 σῦκα,
1724 707 2133 788 halophanta
2179 707 2387 787 φαίνει
2441 708 2651 774 ‘halo’.
2698 709 2912 775 dieser

707 827 962 890 stamm
1021 826 1170 892 halo
1215 827 1430 894 findet
1477 829 1617 893 sich
1665 828 1771 894 bei
1818 829 2075 894 Plinius
2123 846 2189 894 n.
2238 829 2305 892 h.
2354 828 2531 894 XIX
2574 833 2611 907 ὅ
2666 829 2791 893 116
2838 829 2909 893 in

707 947 1008 1031 (malum,
1058 966 1204 1015 was
1249 950 1400 1015 eine
1445 953 1554 1016 art
1602 950 1981 1016 knoblauch
2020 951 2135 1016 ist.
2185 967 2384 1016 wenn
2407 967 2569 1016 man
2594 949 2907 1030 bedenkt,

708 1069 956 1135 welche
1003 1070 1160 1136 rolle
1203 1071 1325 1137 das
1369 1071 1585 1136 alium
1624 1072 1720 1136 im
1757 1071 1944 1137 leben
1984 1072 2102 1137 des
2141 1072 2495 1138 Italianers
2533 1071 2734 1152 spielt
2769 1071 2906 1136 und

707 1191 949 1257 immer
994 1192 1275 1274 gespielt
1323 1191 1464 1268 hat,
1513 1209 1586 1258 so
1632 1193 1922 1258 erkennt
1961 1211 2120 1260 man
2160 1193 2371 1259 sofort
2393 1193 2499 1257 die
2524 1192 2913 1273 richtigkeit

708 1313 824 1378 der
868 1311 1233 1393 ableitung.
1283 1330 1426 1379 was
1472 1314 1626 1380 dem
1674 1313 1953 1379 Attiker
1989 1314 2097 1379 die
2132 1314 2323 1393 seige,
2362 1313 2458 1378 ist
2492 1314 2646 1379 dem
2668 1315 2913 1379 Romer

710 1434 830 1500 das
889 1434 1122 1501 alium.
1185 1435 1529 1500 entweder
1591 1435 1686 1500 ist
1748 1453 1889 1501 nun
1951 1436 2069 1502 der
2131 1436 2469 1501 wortwitz
2530 1452 2649 1501 um
2694 1435 2913 1500 seiner

710 1556 921 1622 selbst
979 1555 1201 1622 willen
1247 1557 1348 1641 da,
1399 1557 1553 1623 oder
1597 1557 2004 1639 halophantam
2050 1558 2299 1641 wurde,
2351 1557 2435 1622 da
2482 1574 2557 1622 es
2605 1557 2747 1622 sich
2794 1573 2913 1621 um

711 1679 926 1742 alium
979 1678 1275 1754 handelt‚
1321 1682 1502 1746 etwa
1548 1679 1879 1745 bedeuten
1926 1682 2241 1755 maeatae,
2288 1697 2362 1744 80
2408 1678 2566 1744 dasz
2613 1679 2752 1744 also
2798 1679 2913 1742 der

711 1799 866 1864 sinn
929 1817 1062 1866 von
1125 1818 1189 1865 v.
1255 1801 1386 1866 463
1450 1805 1664 1865 ware:
1728 1800 1858 1864 ‘ich
1922 1801 2127 1866 weisz
2190 1801 2401 1874 nicht,
2464 1801 2547 1865 ob
2611 1799 2912 1865 Curculio

712 1922 903 1986 mehr
959 1921 1190 1986 schlau
1249 1921 1405 1987 oder
1467 1921 1656 1988 mehr
1713 1899 2011 1986 schlecht
2054 1921 2181 2001 ist3
2230 1923 2536 1986 woriiber
2580 1921 2687 1986 ich
2733 1920 2911 1985 mich

711 2043 902 2108 mehr
963 2043 1286 2108 Wundern
1347 2042 1489 2118 soll,
1535 2044 1699 2108 iiber
1745 2043 1974 2108 seinen
2022 2042 2676 2124 auskunftsreichen,
2722 2042 2910 2106 erfin·

712 2164 1060 2230 derischen
1121 2165 1293 2244 geist
1357 2164 1512 2230 oder
1570 2165 1733 2229 fiber
1795 2165 1979 2230 seine
2039 2163 2621 2229 unverfrorenheit
2678 2163 2752 2227 in
2796 2163 2912 2227 der

716 2285 893 2351 wahl
953 2286 1070 2351 der
1131 2283 1457 2350 mittel'”.
1521 2285 1753 2366 Neque
1812 2300 1983 2365 quae
2045 2285 2117 2348 in
2164 2285 2286 2350 hoc
2332 2285 2691 2349 verborum
2736 2282 2911 2362 lusu,

715 2408 774 2473 81
838 2425 962 2473 8113
1022 2407 1236 2489 ipsius
1296 2424 1500 2472 031183
1559 2407 1932 2490 adhibetur,
1983 2407 2150 2473 insit
2196 2410 2529 2472 venustas*
2570 2406 2912 2488 perspiciO,

715 2547 931 2610 neque
992 2528 1305 2608 intellige,
1367 2529 1694 2610 quomodo
1756 2528 2176 2611 halophanta,
2238 2528 2341 2593 fac
2400 2511 2538 2592 iam
2586 2527 2656 2591 in
2702 2526 2915 2608 priore

716 2652 901 2717 110018
980 2655 1172 2733 parte
1248 2649 1568 2716 Latinum
1641 2649 1877 2716 nalum
1946 2651 2188 2727 inesse,
2262 2648 2634 2729 significare
2701 2647 2919 2730 possit

715 2776 1027 2839 nasutas.

809 2895 957 2961 Non
1017 2896 1248 2960 deesse
1293 2894 1883 2975 interpretationes
1930 2894 2139 2961 vides.
2189 2895 2421 2959 Unum
2466 2897 2700 2959 tamen
2746 2910 2919 2959 com-

721 3020 1031 3083 mentum
1100 3016 1360 3097 addam,
1427 3033 1667 3081 verum
1725 3016 1888 3080 illud
1948 3032 2207 3097 quoque
2269 3017 2350 3079 ut
2408 3015 2699 3092 reiciam,
2761 3015 2917 3080 licet

720 3140 1037 3221 probetur
1096 3138 1367 3220 LEONIO,
1432 3138 1793 3204 BRANmsn
1850 3137 1994 3202 (1100
2024 3136 2092 3222 ¹),
2158 3137 2274 3218 qui
2333 3153 2581 3203 nomen
2628 3154 2671 3201 a
2715 3137 2916 3202 verbo

721 3261 1037 3343 halapari
1094 3261 1327 3326 fictum
1391 3277 1541 3326 esse
1587 3262 1863 3341 probare
1912 3262 2191 3325 conatus
2237 3261 2363 3323 est.
2443 3258 2773 3344 „Exstat”
2819 3259 2918 3324 ait

723 3384 828 3448 vir
887 3383 1123 3449 doctus
1191 3384 1300 3469 „in
1360 3382 1612 3465 plebeio
1675 3398 1981 3447 sermone
2041 3381 2321 3446 verbum
2366 3367 2695 3461 alapandi,
2743 3380 2915 3461 quod

720 3505 899 3569 idem
966 3520 1116 3569 esse
1183 3507 1386 3585 atque
1452 3503 1805 3584 halapandi
1866 3502 2165 3582 verbum,
2231 3501 2313 3566 ad
2377 3501 2549 3581 quod
2598 3500 2919 3567 memoria

721 3626 1017 3692 Plautini
1077 3624 1254 3691 illius
1319 3641 1556 3689 versus
1618 3623 1919 3690 recedere
1964 3622 2155 3689 nobis
2202 3621 2572 3701 videbatur,
2621 3622 2772 3703 quis
2816 3624 2927 3687 est

722 3748 837 3830 qui
883 3748 1132 3827 neget?
1181 3746 1596 3812 Roenschius
1640 3745 1712 3810 in
1761 3745 1971 3810 Musei
2017 3744 2323 3809 Rhenani
2369 3747 2421 3808 t.
2473 3742 2808 3826 XXXIV,
2860 3760 2925 3823 p.

725 3870 856 3935 632
903 3870 1177 3954 alapam·
1223 3868 1602 3947 significatu
1641 3868 1945 3949 yloriarz',
1986 3884 2055 3931 se
2093 3867 2342 3931 iactare
2364 3864 2674 3946 usurpari
2698 3864 2924 3945 docet3

724 4007 1136 4075 quamquam
1197 3990 1366 4055 falsa
1425 3994 1535 4054 est
1593 3990 1723 4054 viri
1779 3987 2148 4053 doctissimi
2197 3986 2623 4069 etymologia.
2670 3988 2743 4051 et
2786 4002 2928 4064 cog-

728 4115 999 4181 natione
1044 4116 1116 4177 et
1161 4111 1542 4190 significatu
1588 4110 1905 4192 halapari
1950 4108 2249 4190 proxime
2293 4107 2549 4173 accedit
2592 4108 2675 4173 ad
2720 4123 2925 4186 germ.

799 4378 859 4446 1)
897 4377 1168 4431 Bnmms.
1206 4374 1286 4427 De
1323 4372 1658 4444 Aspiratione
1693 4370 1886 4425 Latina
1918 4367 2230 4437 Questiones
2264 4367 2498 4424 Selectae
2532 4387 2582 4441 p.
2621 4369 2689 4422 15
2724 4384 2801 4438 sq.
