3459 5300
1814 557 1903 624 66

944 736 1384 820 <Sequere
1429 738 1582 804 hac
1625 739 1709 805 ad
1740 739 2069 817 lenonem,
2096 741 2361 808 habitat
2382 741 2489 808 his
2512 741 2583 806 in
2607 734 2951 812 aedibus>

937 859 1165 942 Atque
1209 878 1439 926 eccum
1488 861 1698 928 video.

846 981 941 1047 Ut
1003 982 1139 1048 iam
1199 982 1358 1064 dixi,
1423 984 1880 1051 controversia
1924 989 2032 1051 est
2078 985 2255 1052 inter
2298 986 2481 1052 viros
2526 985 2776 1065 doctos,
2824 998 2954 1064 quo

754 1107 1013 1185 spectet
1071 1105 1233 1170 illud
1293 1107 1780 1189 iusiurandum,
1843 1108 2016 1189 quod
2077 1106 2224 1173 leno
2278 1107 2761 1189 impedimento
2806 1121 2954 1171 esse

753 1224 932 1302 dicit,
979 1226 1340 1307 quominus
1384 1227 1588 1294 faciat
1633 1227 1807 1310 quod
1853 1231 2044 1306 rogat
2088 1227 2532 1307 argentarius.
2595 1226 2705 1291 Ad
2748 1242 2954 1308 quam

750 1364 894 1412 rem
956 1347 1448 1415 diiudicandam
1509 1349 2061 1432 proficiscendum
2121 1366 2271 1416 esse
2334 1351 2498 1430 puto
2558 1365 2599 1414 a
2644 1366 2747 1414 vs.
2797 1349 2949 1428 566,

749 1467 864 1533 ubi
911 1467 1059 1534 leno
1103 1469 1430 1536 adversus
1478 1470 1764 1537 militem
1810 1471 2132 1551 gloriatur
2175 1486 2247 1536 se
2291 1469 2529 1536 fecisse
2569 1469 2743 1552 quod
2778 1470 2949 1535 iura·

747 1591 867 1654 tus
934 1592 1061 1655 est.
1148 1590 1315 1672 Quid
1382 1595 1616 1658 autem
1681 1592 1843 1658 fecit
1911 1592 2018 1657 vel
2089 1608 2162 1657 se
2230 1590 2467 1656 fecisse
2534 1591 2899 1657 arbitratur
2913 1589 2950 1653 ἱ)

746 1711 1138 1778 Arbitratur
1183 1731 1258 1779 se
1302 1714 1631 1795 virginem
1678 1714 2035 1781 tradidisse
2082 1714 2165 1790 ei,
2213 1713 2328 1795 qui
2366 1730 2407 1779 a
2444 1711 2657 1779 milite
2696 1713 2947 1778 missus

747 1833 858 1898 sit.
924 1833 1117 1900 Unde
1177 1836 1550 1902 necessario
1606 1836 1795 1917 sequi
1853 1835 2172 1902 existimo
2234 1835 2541 1901 lenonem
2602 1834 2803 1900 militi
2846 1834 2945 1900 de-

744 1955 922 2022 disse
967 1955 1433 2023 iusiurandum
1477 1974 1550 2024 se
1596 1957 1927 2036 virginem
1977 1974 2109 2023 non
2159 1956 2272 2022 alii
2298 1956 2731 2022 venditurum
2775 1973 2943 2022 esse.

745 2078 844 2142 At
902 2078 1230 2160 quomodo
1283 2079 1405 2145 hoc
1450 2080 1760 2159 congruit
1802 2096 1956 2144 cum
2004 2097 2108 2144 vs.
2158 2079 2342 2145 458?
2388 2080 2621 2145 Unum
2670 2082 2945 2144 tantum

742 2216 860 2280 pro
906 2202 1088 2265 certo
1134 2200 1349 2266 statui
1395 2217 1586 2282 posse
1632 2201 1899 2282 opinor:
1947 2201 2097 2267 leno
2139 2202 2503 2281 trapezitae
2543 2201 2826 2280 roganti,
2863 2203 2944 2266 ut

743 2322 981 2387 mittat
1041 2322 1372 2401 virginem
1431 2339 1588 2388 cum
1649 2323 1892 2388 comite
1946 2340 2091 2399 suc,
2141 2323 2463 2389 obiciens:
2522 2322 2717 2408 „quid
2766 2321 2941 2404 quod

740 2444 1002 2510 iuratus
1044 2462 1197 2511 sum
1214 2446 1293 2510 ‘³⁹’
1337 2445 1603 2524 ignorat
1648 2446 1836 2511 illum
1875 2445 2239 2525 argentarii
2276 2445 2594 2511 comitem
2619 2444 2937 2510 nuntium

740 2567 963 2647 putari
1011 2584 1051 2632 a
1098 2568 1310 2633 milite
1350 2568 1658 2644 missum,
1700 2568 2052 2633 existimat
2089 2566 2379 2648 aliquem
2419 2566 2627 2632 alium
2666 2583 2817 2632 esse
2853 2583 2939 2632 ex

739 2686 844 2763 iis,
914 2705 1198 2769 quorum
1266 2706 1374 2755 res
1441 2690 1864 2771 pecuniariae
1927 2708 1968 2755 a
2028 2690 2291 2773 Lycone
2353 2689 2938 2755 administrantur.

738 2808 908 2888 Ergo
952 2810 1255 2875 consulto
1302 2814 1498 2892 poeta
1544 2816 1688 2877 tam
1728 2812 1952 2878 brevis
1989 2813 2098 2877 hic
2134 2814 2257 2896 est,
2299 2811 2607 2877 consulto
2630 2809 2939 2877 lenonem

738 2946 870 2993 non
930 2931 1092 2997 facit
1153 2936 1522 3012 rogantem,
1582 2936 1733 3015 quis
1784 2933 1895 3000 ille
1942 2934 2054 3008 sit,
2104 2950 2390 3015 quocum
2458 2936 2538 2998 ut
2606 2933 2937 3013 virginem

738 3053 972 3118 mittat
1033 3058 1326 3134 rogatur.
1385 3056 1559 3120 Tum
1603 3056 2000 3138 praesertim
2047 3055 2157 3121 illa
2202 3055 2503 3121 brevitas
2546 3053 2761 3136 lepida
2806 3058 2932 3138 est,

735 3174 793 3239 si
842 3176 1174 3242 sumimus
1220 3175 1528 3243 lenonem
1575 3178 1772 3259 paulo
1819 3181 1980 3243 ante
2024 3180 2442 3243 metuentem
2466 3177 2637 3242 iram
2662 3176 2933 3244 deorum

732 3296 1082 3364 consilium
1120 3301 1590 3381 pronuntiasse
1628 3299 2094 3366 iusiurandum
2119 3298 2317 3364 militi
2340 3298 2575 3363 datum
2600 3298 2931 3364 servandi.

731 3418 1094 3483 Pecuniam
1155 3424 1403 3503 autem,
1470 3437 1674 3502 quam
1732 3420 1927 3505 Lyco⁴
1966 3420 2028 3484 ei
2074 3418 2472 3501 praetendit,
2520 3418 2933 3501 conspiciens

730 3556 943 3620 neque
1013 3541 1363 3622 suspicans
1423 3542 1764 3608 hominem
1830 3559 1871 3606 a
1933 3539 2149 3605 milite
2211 3540 2498 3605 missum
2558 3555 2728 3616 esse,
2800 3542 2932 3605 sta-

731 3662 858 3727 tim
919 3663 1177 3729 consilii
1242 3663 1656 3730 obliviscitur
1717 3680 1951 3747 neque,
1995 3663 2239 3744 quippe
2292 3663 2465 3744 quod
2512 3662 2674 3727 nihil
2721 3664 2931 3737 curet,

728 3787 933 3866 rogat,
997 3784 1150 3865 quis
1212 3783 1318 3849 ille
1380 3786 1473 3851 sit
1531 3788 1751 3863 1101110,
1815 3785 1931 3852 sed
1994 3788 2227 3849 tamen
2285 3784 2597 3863 religione
2643 3784 2928 3865 quadam

727 3906 975 3971 anxius
1021 3907 1406 3973 dubitanter
1455 3909 1685 3975 obicit:
1745 3909 1939 3995 „quid
1985 3906 2158 3989 quod
2205 3907 2471 3971 iuratus
2510 3923 2664 3971 sum
2681 3906 2760 3970 ?”
2801 3906 2927 3971 Sed

725 4029 805 4091 ut
866 4028 989 4093 hoc
1047 4030 1326 4094 omittat
1373 4031 1466 4096 nil
1514 4049 1682 4113 opus
1726 4035 1835 4097 est
1881 4031 2145 4112 praeter
2187 4045 2402 4111 pauca
2446 4027 2557 4093 illa
2601 4028 2925 4110 Lyconis:

728 4148 924 4230 „quid
985 4149 1049 4214 id
1110 4152 1313 4216 refert
1373 4154 1512 4235 tua,
1569 4153 1736 4219 dum
1780 4155 2137 4233 argentum
2182 4150 2469 4231 accipias
2483 4150 2562 4214 ?”
2607 4150 2787 4215 Nihil
2834 4151 2926 4215 ni·

723 4268 973 4332 mirum
1041 4270 1124 4334 ad
1194 4288 1335 4337 rem
1397 4274 1711 4355 pertinet,
1779 4278 2011 4340 utrum
2075 4272 2274 4354 Lyco,
2339 4272 2453 4353 qui
2513 4272 2583 4335 in
2645 4271 2925 4336 emenda

723 4389 979 4468 virgine
1026 4391 1223 4458 affuit
1268 4394 1378 4473 (cf.
1426 4413 1527 4460 vs.
1578 4396 1756 4481 434),
1799 4396 2007 4461 etiam
2032 4396 2101 4459 in
2126 4394 2233 4459 illo
2258 4393 2475 4459 dando
2500 4392 2923 4459 iureiurando
