3459 5300
1505 1359 1879 1443 CAPUT
1943 1361 2141 1445 VII.

1287 1831 1390 1897 De
1438 1829 1880 1899 Cureulionis
1925 1833 2088 1899 actu
2135 1833 2379 1899 tertio.

821 2036 924 2084 vs,
987 2018 1112 2084 371
1183 2034 1323 2099 sqq.
1393 2017 1574 2082 Actu
1635 2016 1841 2083 tertio
1900 2013 2080 2100 Lyco
2126 2017 2457 2099 trapezita
2499 2018 2570 2083 in
2617 2035 2953 2084 scaenam·

732 2139 948 2220 prodit
995 2138 1074 2202 de
1123 2137 1268 2203 suis
1316 2154 1546 2203 secum
1592 2138 1795 2202 rebus
1841 2137 2283 2203 ratiocinans:

911 2261 1162 2326 Beatus
1209 2259 1468 2340 videor3
1517 2258 1810 2324 subduxi
1857 2259 2321 2344 ratiunculam,

911 2381 1254 2462 Quantum
1299 2380 1472 2446 aeris
1509 2379 1688 2444 ‘mihi
1736 2379 1826 2446 sit
1880 2383 2341 2462 quantumque
2387 2382 2587 2449 alieni
2632 2384 2794 2449 siet:

910 2502 1117 2568 Dives
1164 2518 1337 2582 sum,
1388 2500 1446 2566 si
1493 2516 1627 2567 non
1674 2500 1873 2566 reddo
1918 2500 2015 2566 eis
2063 2501 2304 2582 quibus
2350 2502 2569 2569 debeo.

913 2623 983 2689 Si
1029 2623 1226 2689 reddo
1274 2619 1403 2688 illis
1449 2621 1692 2703 quibus
1738 2622 1965 2699 debeo,
2010 2620 2161 2705 plus
2207 2623 2405 2689 alieni
2450 2627 2575 2691 est.
2630 2645 2634 2647 ·

735 2746 864 2814 375
912 2747 1169 2812 Verum
1215 2744 1434 2809 hercle
1483 2761 1642 2811 vero
1687 2762 1843 2809 oum
1889 2743 2055 2810 belle
2101 2745 2442 2825 recogito,-

914 2867 984 2933 Si
1030 2867 1244 2947 magis
1290 2884 1399 2931 me
1444 2866 1824 2943 instabunt,
1872 2867 1953 2933 ad
2004 2869 2379 2947 praetorem
2426 2868 2765 2936 sufferam.

914 2990 1185 3055 Habent
1231 2990 1410 3055 huno
1458 3003 1712 3055 morem
1758 2988 2050 3070 plerique
2099 2989 2477 3074 argentarii,

912 3112 1012 3177 Ut
1055 3110 1229 3177 alius
1274 3111 1482 3176 alium
1529 3113 1831 3193 poscant,
1879 3110 2161 3177 reddant
2206 3111 2478 3193 nemini,

911 3233 1168 3313 Pugnis
1215 3250 1357 3298 rem
1405 3233 1690 3309 solvant,
1740 3233 1799 3297 si
1846 3232 1997 3313 quis
2044 3235 2275 3313 poscat
2320 3232 2584 3299 clarius.

734 3357 866 3422 380
914 3356 1040 3437 Qui
1087 3356 1284 3421 homo
1331 3359 1598 3421 mature
1643 3355 1983 3437 quaesivit
2039 3356 2392 3436 pecuniam

809 3516 812 3520 ν
916 3478 975 3541 N
979 3478 1063 3541 isi
1108 3494 1258 3542 eam
1307 3480 1571 3542 mature
1617 3476 1849 3558 parsit,
1901 3479 2167 3543 mature
2214 3477 2450 3544 esurit.

883 3598 1123 3679 'Cupio
1168 3598 1455 3679 aliquem
1501 3613 1720 3663 emere
1767 3614 2070 3680 puerum,
2118 3599 2232 3690 qui
2280 3599 2627 3665 usurarius

916 3719 1110 3784 Nunc
1156 3719 1321 3784 mihi
1366 3721 1747 3801 quaeratur.
1799 3718 1983 3785 Usus
2030 3722 2138 3785 est
2184 3721 2485 3801 pecunia.

825 3845 903 3908 In
966 3842 1073 3907 his
1131 3840 1440 3924 versibus
1500 3841 1813 3922 quamvis
1873 3842 2044 3907 satis
2104 3841 2322 3908 multa
2376 3842 2592 3907 insint
2636 3844 2931 3919 obscura,

735 3982 871 4030 non
918 3967 1146 4029 tamen
1193 3962 1514 4042 gravibus
1560 3961 1726 4026 mihi
1772 3963 2067 4028 laborare
2107 3964 2358 4030 morbis
2402 3964 2731 4047 videntur,
2773 3982 2937 4046 quos

734 4085 1027 4166 plerique
1073 4083 1179 4149 hio
1225 4084 1552 4163 suspicati
1599 4085 1783 4147 sunt.
1834 4083 1951 4148 Vs.
2004 4084 2132 4150 374
2186 4102 2318 4150 non
2359 4085 2477 4161 ita,
2521 4088 2601 4150 ut
2642 4086 2935 4151 traditus

735 4209 862 4283 est,
909 4224 950 4272 a
994 4206 1230 4271 Plauto
1278 4205 1649 4285 profectum
1695 4220 1845 4270 esse
1894 4205 2333 4272 manifestum
2380 4209 2489 4273 est
2535 4210 2802 4289 propter
2844 4206 2935 4271 ul·

736 4328 891 4394 timi
959 4326 1146 4409 pedis
1217 4327 1605 4408 spondeum.
1669 4326 1867 4392 Illum
1927 4344 2080 4408 ergo
2140 4329 2339 4395 multi
2403 4330 2531 4396 viri
2575 4329 2770 4412 docti,
2820 4330 2937 4393 Bo-
