3459 5300
1802 571 1890 638 60

738 756 920 837 Quae
980 757 1247 838 recepta
1292 753 1402 821 illa
1447 757 1825 823 coniectura
1872 773 1958 822 ex
2004 756 2111 821 his
2158 753 2467 820 versibus
2512 753 2695 819 nullo
2744 753 2935 821 modo

737 879 1019 944 extundi
1073 895 1286 962 posse,
1337 878 1778 944 manifestum
1825 881 1949 944 est.
2000 878 2227 959 Atque
2269 892 2389 941 cur
2430 873 2610 958 Lyco
2655 892 2937 957 puerum

736 1015 958 1066 emere
1020 999 1256 1081 cupit?
1317 999 1462 1066 Hoc
1518 1000 1725 1066 taceri
1789 1017 1925 1066 non
1987 1002 2271 1082 poterat.
2335 999 2776 1080 Quamobrem
2828 997 2934 1065 ille

738 1137 960 1187 emere
1012 1121 1262 1203 cupiat,
1308 1138 1428 1201 ego
1474 1121 1742 1203 quidem
1790 1122 1958 1188 scire
2006 1121 2165 1187 mihi
2222 1121 2464 1197 videor,
2514 1135 2726 1201 neque
2772 1122 2935 1201 puto

739 1260 896 1308 eum
957 1243 1022 1307 id
1083 1243 1396 1324 tacuisse,
1459 1242 1575 1308 sed
1639 1242 1909 1310 disertis
1962 1243 2187 1308 verbis
2230 1241 2721 1323 pronuntiasse,
2768 1258 2939 1322 quae

739 1363 1056 1446 quoniam
1103 1379 1235 1429 non
1283 1363 1352 1429 in
1401 1366 1599 1429 textu
1644 1363 1978 1444 leguntur,
2026 1364 2488 1430 interciderint
2514 1379 2786 1430 necesse
2810 1365 2936 1430 est.

740 1484 961 1551 Versu
1007 1483 1189 1550 enim
1235 1484 1366 1548 389
1416 1483 1720 1551 Curculio
1766 1486 1909 1567 ipse
1958 1503 2031 1552 se
2078 1485 2465 1566 interrogat,
2509 1484 2663 1567 quis
2700 1484 2809 1549 ille
2846 1484 2941 1550 sit

742 1605 959 1682 home,
999 1605 1113 1687 qui
1151 1604 1627 1687 Aesculapium
1669 1603 1941 1673 salutat.
1993 1605 2127 1672 Cur
2164 1609 2395 1672 autern
2433 1606 2689 1671 salutat
2711 1603 2939 1688 Lyco?

743 1727 892 1793 Non
973 1727 1143 1793 satis
1224 1727 1389 1793 mihi
1454 1727 1787 1794 illustrare
1854 1728 2016 1795 illud
2082 1727 2400 1793 videntur
2468 1743 2639 1809 quae
2707 1725 2942 1793 dicunt

743 1848 1000 1915 Ussme
1045 1848 1151 1913 vel
1197 1847 1490 1925 Seruo,
1537 1866 1822 1930 quorum
1867 1847 1974 1915 ille
2020 1825 2339 1914 annotat:
2406 1846 2625 1934 „Lyco
2671 1864 2939 1913 censen·

743 1971 870 2036 dus
914 1973 1038 2054 est,
1089 1988 1298 2052 quum
1346 1969 1449 2035 dei
1485 1970 1720 2036 aedem
1760 1970 2171 2052 praeteriret,
2211 1967 2483 2036 solitum
2522 1969 2583 2034 ei
2622 1968 2940 2036 honorem

744 2093 1125 2175 tribuisse'’,
1187 2093 1327 2159 hic:
1397 2091 1914 2178 „Aesculapium
1960 2092 2308 2168 salutavit,
2355 2109 2564 2174 quum
2612 2089 2941 2173 templum

688 2260 696 2269 ,
743 2214 904 2280 illud
970 2214 1474 2280 celeberrimum
1544 2213 1927 2295 Aesculapii
1997 2229 2197 2296 prope
2257 2212 2685 2296 Epidaurum,
2752 2211 2943 2276 cuius

746 2336 1000 2403 mentio
1061 2336 1456 2418 saepissime
1514 2336 1583 2401 in
1645 2335 1905 2403 scaenis
1965 2335 2293 2416 prioribus
2352 2336 2500 2400 erat
2561 2333 2669 2416 (cf.
2717 2351 2783 2398 v.
2841 2333 2941 2396 14.

749 2460 899 2524 204.
951 2459 1106 2542 217)
1154 2457 1610 2541 praeteriret”.
1659 2458 1836 2523 Nam
1882 2458 1943 2523 si
1988 2474 2135 2522 mos
2182 2459 2351 2532 erat,
2399 2457 2479 2520 ut
2524 2458 2945 2537 praetereun-

747 2584 854 2647 tes
901 2580 1229 2663 templum
1277 2579 1658 2662 Aesculapii
1703 2580 1905 2645 deum
1951 2578 2345 2660 salutarent,
2386 2594 2505 2643 cur
2543 2577 2708 2642 nihil
2747 2577 2947 2642 huius

747 2704 842 2771 rei
901 2707 1157 2769 ceteras
1218 2703 1479 2770 fabulae
1532 2719 1853 2784 personas
1906 2701 2227 2768 facientes
2274 2700 2609 2766 cernimus
2625 2701 2660 2764 ‘2'
2707 2699 2950 2781 Quidni

749 2830 978 2894 nostro
1037 2828 1176 2893 loco
1237 2825 1544 2892 Curculio
1605 2824 1782 2890 idem
1842 2824 2003 2890 facit
2049 2823 2220 2905 quod
2267 2823 2499 2905 Lyco?
2547 2821 2693 2888 Non
2740 2822 2949 2903 igitur

749 2964 1004 3014 morem
1065 2949 1270 3013 fuisse
1331 2947 1649 3028 arbitror;
1699 2962 1854 3025 ergo
1899 2945 2100 3010 aliam
2146 2962 2419 3011 causam
2466 2962 2614 3011 esse
2658 2946 2944 3026 oportet,

748 3088 866 3138 cur
911 3068 1089 3154 Lyco
1134 3070 1334 3135 deum
1383 3068 1666 3149 salutet3
1715 3083 1885 3149 quae
1931 3084 2135 3133 causa
2182 3084 2312 3131 non
2358 3066 2487 3132 alia
2533 3068 2757 3148 potest
2794 3083 2944 3133 esse

750 3210 952 3274 quam
1013 3192 1305 3257 morbus.
1370 3189 1664 3256 Eandem
1726 3192 1960 3255 autem
2008 3189 2090 3254 ob
2138 3205 2411 3254 causam
2458 3205 2741 3269 puerum
2787 3205 2942 3253 eum

749 3331 970 3380 emere
1015 3329 1256 3395 cupere
1303 3326 1559 3377 censeo.
1608 3310 2001 3391 Verborum,
2044 3325 2212 3390 quae
2237 3309 2597 3392 perierunt,
2624 3309 2787 3374 haec
2810 3309 2946 3374 fere

751 3435 1090 3502 sententia
1135 3450 1283 3499 esse
1329 3433 1560 3499 debet:

1023 3555 1230 3637 Cupio
1286 3557 1649 3630 <autem>
1702 3553 1992 3634 aliquem
2038 3566 2258 3618 emere
2297 3566 2600 3632 puerum,
2639 3550 2754 3633 qui
2791 3568 2946 3617 usu·

933 3677 1127 3744 rariis
1158 3674 1204 3760 ¹)
1247 3693 1430 3741 nunc
1466 3675 1637 3740 mihi
1664 3674 2014 3758 provideat
2042 3673 2353 3755 pecuniis
2368 3695 2395 3753 ,·
2434 3690 2598 3737 nam
2640 3674 2953 3754 quoniam

931 3801 1070 3864 iam
1111 3798 1231 3864 diu
1270 3799 1578 3879 acyrotus
1616 3812 1791 3869 eum,
1834 3812 1937 3859 me
1969 3810 2348 3877 procurare
2384 3794 2520 3859 volo
2531 3815 2557 3874 ;
2596 3794 2735 3858 iam
2774 3810 2958 3858 nunc

825 3999 882 4067 1)
931 3996 1184 4050 usurariis
1232 3990 1480 4049 traditum
1531 3994 1612 4045 est
1647 3988 1701 4045 in
1736 3986 1835 4044 IF.
1876 3986 2019 4043 Fieri
2054 3993 2229 4044 autom
2267 3986 2487 4042 fortasse
2524 3987 2713 4058 potest,
2749 3989 2811 4040 ut
2846 4002 2961 4039 usu-

755 4087 926 4139 rarius
970 4100 1096 4136 vera
1142 4080 1211 4135 sit
1262 4077 1434 4134 lecti0.
1487 4077 1783 4143 Usurarius,
1820 4075 1927 4129 sive
1962 4072 2220 4129 adiective
2256 4074 2491 4129 iunctum
2532 4090 2648 4128 oum
2680 4090 2813 4143 puer
2847 4069 2960 4125 sive

752 4169 1077 4226 substantive
1131 4166 1420 4224 adhibitum
1477 4163 1565 4233 (cf.
1621 4181 1663 4218 e.
1704 4184 1755 4233 g.
1810 4160 2106 4230 ιιιοῒιειιὶιιέ)
2161 4159 2379 4215 fortasse
2428 4163 2749 4231 potestesse
2785 4157 2959 4222 homo,

755 4257 846 4331 qui
895 4274 1074 4312 curam
1121 4253 1282 4310 habet
1327 4268 1618 4307 usurarum.
1671 4249 1726 4304 Si
1763 4248 1862 4304 hoc
1900 4245 2178 4320 legendum
2215 4252 2312 4315 est,
2351 4264 2452 4302 non
2494 4245 2621 4301 mihi
2654 4243 2960 4301 incredibile

757 4343 968 4398 videtur
1002 4359 1175 4397 vocem
1213 4339 1459 4411 ambigue
1497 4341 1799 4404 usurpatam
1841 4352 1968 4403 esse,
2003 4333 2140 4389 sicut
2176 4333 2369 4406 Amph.
2407 4335 2510 4389 498
2529 4333 2783 4389 Alcmena
2817 4330 2961 4387 Iovis

758 4427 953 4485 dicitur
991 4445 1155 4493 „uxor
1191 4423 1461 4481 usuraria”
1495 4422 1584 4493 (cf.
1624 4422 1843 4477 Somno
1882 4439 1931 4492 p.
1972 4422 2002 4476 8
2039 4438 2161 4475 ann.
2200 4421 2273 4490 2).
