3459 5300
1815 559 1899 624 34

760 754 818 802 e.
864 755 925 818 q.
973 737 1118 803 s.’'?
1166 737 1342 802 Tum
1387 738 1764 820 PalinuruS‚
1805 741 1919 821 qui
1956 757 2270 805 scaenam
2306 757 2440 806 non
2478 740 2747 822 reliquit
2770 739 2961 824 (haec

758 859 970 926 altera
1027 879 1232 927 causa
1290 864 1415 945 est,
1481 862 1563 927 de
1621 879 1753 944 qua
1815 880 2021 944 supra
2078 863 2238 939 dixi,
2296 881 2706 945 quamquam
2752 863 2961 928 etiam

759 983 940 1047 sumi
996 986 1219 1063 potest
1265 981 1470 1066 illum,
1520 986 1602 1048 ut
1647 987 1811 1049 sunt
1858 985 2036 1050 servi
2084 1003 2261 1051 nova
2308 985 2574 1050 videndi
2620 984 2961 1066 cupidissi-

758 1105 872 1187 mi,
937 1107 1095 1169 ante
1153 1121 1345 1169 erum
1405 1105 1723 1185 prodire):
1794 1106 1989 1192 „quid
2051 1107 2207 1173 istic
2268 1108 2625 1174 clamorem
2686 1106 2863 1173 tollis
2880 1107 2959 1171 ?''

760 1225 1029 1306 Coquus
1087 1231 1320 1292 aut-em
1380 1228 1464 1291 ad
1525 1227 1707 1292 servi
1762 1203 2353 1308 interrogationem
2400 1245 2534 1294 non
2579 1230 2955 1312 attendens,

757 1348 938 1414 intro
1005 1350 1238 1414 vocat:
1317 1349 1733 1434 „parasitum
1802 1353 1996 1416 tuom
2063 1350 2253 1417 video
2312 1353 2696 1416 currentem
2756 1350 2959 1416 ellum

758 1485 970 1549 usque
1035 1471 1106 1534 in
1172 1470 1392 1551 platea
1451 1470 1761 1536 ultima.''
1827 1471 1956 1536 Sed
2018 1489 2202 1537 nunc
2262 1471 2584 1538 nonnulla
2640 1471 2954 1555 desidero,

756 1590 1000 1671 quibus
1060 1591 1535 1669 Phaedromus,
1597 1594 1711 1674 qui
1775 1593 2031 1659 interea
2084 1593 2351 1674 prodiit,
2398 1610 2716 1674 magnam
2760 1610 2956 1659 suam

755 1711 1089 1777 laetitiam
1159 1713 1490 1792 significat
1557 1715 1639 1780 ob
1710 1715 1988 1796 parasiti
2050 1715 2452 1796 adventum;
2516 1732 2729 1796 neque
2775 1715 2956 1779 enim

756 1833 923 1898 mihi
991 1834 1252 1914 probari
1312 1838 1537 1916 potest
1595 1835 1784 1901 illum
1852 1836 1932 1902 de
1990 1854 2070 1903 ea
2130 1854 2221 1920 re,
2287 1837 2368 1902 de
2428 1854 2561 1918 qua
2618 1841 2764 1902 tam
2810 1838 2956 1902 erat

757 1954 1080 2021 sollicitus
1138 1955 1300 2040 (vid.
1357 1975 1460 2023 vs.
1513 1957 1642 2022 223
1691 1963 1862 2040 sqq.)
1909 1957 2170 2024 nullum
2216 1959 2499 2024 verbum
2543 1958 2954 2024 muttivisse.

757 2077 856 2142 Cf.
919 2078 1119 2144 Poen.
1183 2079 1332 2160 208,
1393 2079 1509 2145 ubi
1569 2080 2038 2160 Agorastocles
2099 2097 2141 2144 a
2192 2097 2384 2147 servo
2430 2080 2607 2146 foras
2650 2082 2953 2162 vocatuS,

755 2201 834 2263 ut
895 2203 1154 2280 spectet
1216 2218 1374 2266 suos
1418 2218 1700 2274 amores,
1746 2203 1843 2268 sic
1888 2202 2210 2282 gaudium
2258 2218 2461 2267 suum
2505 2200 2822 2266 effundit:
2879 2217 2955 2285 „o

756 2319 973 2386 multa
1034 2320 1159 2386 tibi
1221 2321 1289 2386 di
1350 2303 1515 2388 dent
1574 2324 1769 2405 bona,
1820 2323 2032 2404 Quom
2078 2322 2200 2388 hoc
2246 2322 2412 2386 mihi
2459 2321 2763 2402 optulisti
2809 2323 2953 2385 tam

753 2441 1044 2522 lepidum
1083 2442 1605 2525 spectaculum.”
1651 2445 1824 2509 Tum
1861 2443 2222 2510 verisimile
2264 2443 2430 2508 mihi
2462 2443 2728 2508 videtur
2751 2443 2955 2508 Phae·

755 2564 1062 2631 dromum
1107 2582 1392 2648 coquum
1438 2567 1616 2632 intro
1663 2567 1759 2632 ire
1805 2567 2104 2648 iussisse,
2154 2568 2236 2631 ut
2275 2580 2444 2647 quae
2480 2564 2563 2629 ad
2602 2563 2972 2645 prandium.

754 2704 921 2768 opus
977 2694 1224 2765 essent,
1287 2693 1574 2772 pararet,
1635 2692 1706 2755 et
1768 2690 1875 2755 his
1945 2706 2017 2755 se
2079 2689 2163 2754 ad
2224 2704 2497 2756 servum
2542 2686 2953 2752 convertisse

753 2811 1008 2877 verbis:
1063 2814 1203 2897 „tu‚
1252 2812 1582 2889 Palinure,
1628 2813 1760 2877 huc
1806 2812 2246 2879 concedamus
2290 2813 2361 2875 et

1205 2934 1380 2999 Hinc
1426 2935 1887 3000 auscultemus
1934 2934 2091 3015 quid
2138 2930 2364 3012 agat.”

842 3053 948 3118 Ad
993 3072 1163 3135 quae
1210 3054 1600 3122 Palinurus:
1657 3073 1862 3143 „sane
1909 3052 2215 3120 censeo.''

843 3176 1015 3254 Ergo
1059 3175 1298 3241 lacuna
1345 3178 1708 3243 statuenda
1756 3181 1866 3244 est
1910 3179 2066 3259 post
2110 3194 2216 3242 vs.
2268 3176 2419 3242 278.

843 3296 1018 3361 Nam
1089 3297 1367 3364 minime
1435 3300 1773 3381 probanda
1840 3298 2005 3365 mihi
2070 3297 2339 3363 videtur
2402 3295 2623 3376 opinio
2684 3297 2987 3375 poetam·

752 3416 966 3483 denuo
1034 3418 1426 3485 Palinurum
1494 3424 1861 3486 exeuntem
1928 3419 2227 3484 finxisse.
2290 3417 2387 3482 De
2448 3433 2580 3497 qua
2640 3417 2821 3482 enim
2879 3433 2952 3481 re

750 3538 928 3619 loqui
993 3540 1486 3607 existimandus
1555 3544 1714 3607 est?
1784 3543 2011 3623 Atque
2081 3557 2199 3606 cur
2265 3542 2461 3621 poeta
2530 3540 2612 3604 de
2670 3513 2951 3619 parasiti

750 3662 1049 3727 adventu
1124 3663 1472 3729 certiorem
1531 3664 1674 3729 fieri
1733 3663 2221 3729 Phaedromum
2267 3679 2308 3727 a
2353 3660 2665 3727 Palinuro
2723 3660 2953 3742 potius

750 3784 997 3863 fingere
1055 3784 1285 3850 debuit
1350 3802 1554 3865 quam
1607 3802 1648 3849 a
1693 3802 1922 3866 coquo,
1969 3784 2076 3849 cui
2120 3782 2494 3864 parasitum
2540 3800 2677 3848 non
2722 3781 2951 3847 minus

749 3922 953 3986 quam
992 3906 1301 3972 Palinuro
1341 3909 1580 3972 notum
1611 3924 1761 3973 esse
1784 3908 2051 3972 constet
2067 3906 2102 3969 ‘2
2133 3906 2432 3985 Apparet
2455 3904 2636 3969 enim
2660 3919 2951 3983 coquum

748 4027 821 4092 in
883 4030 1114 4093 nostra
1175 4027 1396 4094 fabula
1455 4029 1623 4095 item
1686 4032 1767 4094 ut
1827 4029 1895 4093 in
1959 4024 2428 4106 MenaechmiS,
2480 4041 2751 4090 servum
2798 4041 2949 4090 esse

748 4148 1146 4215 familiarem
1191 4149 1300 4233 (cf.
1352 4168 1450 4216 vs.
1510 4151 1686 4233 254),
1736 4168 1870 4215 non
1916 4152 1999 4214 ut
2045 4148 2115 4213 in
2164 4148 2490 4230 plerisque
2534 4145 2797 4222 fabuIiS,
2834 4146 2949 4211 ubi

749 4271 940 4351 coqui
1023 4272 1093 4335 in
1178 4289 1493 4338 scaenam
1575 4272 1924 4354 prodeunt,
2013 4270 2355 4335 hominem
2440 4268 2521 4332 de
2596 4266 2733 4333 foro
2801 4284 2946 4333 con·

748 4390 1047 4455 ductum.
