3459 5300
1813 537 1898 600 42

759 718 994 800 dicam,
1060 737 1232 801 quae
1292 737 1377 786 ex
1437 721 1587 787 eius
1650 723 1957 804 opinione
2016 724 2099 789 de
2154 740 2255 789 vs.
2310 723 2439 786 299
2486 740 2584 804 sq.
2634 726 2961 792 manavit.

759 838 925 920 Quia
971 842 1155 907 enim
1202 843 1273 908 in
1331 843 1638 910 versibus
1698 845 2001 926 proxime
2057 845 2605 926 praecedentibus
2642 846 2723 912 de
2762 848 2963 914 rebus

755 962 1007 1040 agatur,
1035 980 1206 1043 quae
1244 964 1439 1045 plane
1476 982 1633 1030 cum
1670 969 2128 1046 spectatorum
2164 965 2526 1032 sententiis
2560 970 2957 1046 congruant,

755 1082 1150 1149 Phaedromi
1189 1086 1748 1166 vituperationem
1777 1087 2005 1153 minus
2034 1090 2265 1167 aptam
2298 1090 2509 1169 ratuS,
2538 1104 2693 1152 cum
2726 1092 2959 1154 contra

757 1220 859 1267 vs.
910 1205 1118 1269 280-
1137 1206 1264 1271 287
1328 1207 1550 1272 minas
1597 1207 1989 1273 contineant
2034 1207 2469 1273 confidentiae
2514 1209 2953 1287 arrogantiae·

753 1341 884 1408 que
945 1326 1192 1408 plenae,
1256 1327 1339 1392 ad
1399 1346 1568 1410 quas
1628 1328 2022 1395 Phaedromi
2083 1329 2287 1395 verba
2328 1330 2680 1412 aptissime
2726 1331 2955 1396 referri

753 1448 1040 1527 possint,
1101 1449 1462 1516 admodum
1523 1449 1883 1517 verisimile
1941 1451 2190 1516 iudicat
2249 1468 2350 1516 vs.
2410 1452 2761 1517 288-297
2810 1469 2956 1534 pos-

754 1570 996 1635 teriore
1065 1574 1363 1653 tempore
1431 1571 1692 1638 additos
1754 1588 1924 1638 esse.
1988 1573 2381 1654 Opinionem
2444 1590 2638 1638 suam
2698 1574 2823 1639 hac
2883 1589 2954 1638 re

754 1691 1134 1756 confirmari
1208 1694 1427 1776 putat,
1491 1694 1667 1774 quod
1726 1694 1981 1775 priores
2040 1698 2190 1760 octo
2252 1711 2489 1760 versus
2548 1695 2696 1759 sine
2757 1693 2953 1760 dubio

753 1829 840 1878 ex
910 1811 1158 1879 Graeco
1239 1813 1604 1894 exemplari
1680 1818 1989 1896 sumptos
2074 1833 2222 1882 esse
2306 1816 2672 1881 arbitratur
2750 1818 2954 1896 atque

753 1935 964 2001 etiam
1031 1953 1131 2000 νε.
1208 1935 1336 2001 299
1401 1953 1543 2017 sqq.
1603 1935 1777 2002 tales
1835 1954 1999 2021 esse,
2064 1941 2144 2003 ut
2207 1937 2449 2004 saltem
2510 1938 2734 2003 obstet
2789 1937 2953 2002 nihil

753 2058 1137 2139 quominus,
1197 2058 1372 2139 quod
1424 2058 1508 2122 ad
1553 2075 1902 2124 summum
1949 2059 2259 2140 attineat,
2309 2079 2389 2125 ex
2437 2059 2685 2126 Graeco
2731 2076 2950 2125 exem-

753 2180 920 2261 plari
981 2197 1212 2246 versos
1266 2197 1416 2246 esse
1461 2161 1869 2262 statuamus,
1921 2186 2151 2248 contra
2196 2199 2298 2246 νε.
2348 2181 2699 2248 288-297
2746 2181 2951 2247 conti·

754 2317 913 2366 nere
959 2319 1068 2367 res
1093 2301 1434 2367 Romanas
1465 2300 1532 2379 ¹).
1574 2302 1790 2382 Quam
1828 2304 2161 2369 rationem
2198 2303 2351 2369 licet
2390 2320 2545 2368 vere
2569 2301 2951 2368 Plautinam

753 2439 900 2488 esse
946 2424 1282 2507 concedat,
1332 2427 1564 2489 tamen
1611 2425 1965 2490 existimat
2010 2425 2413 2505 comparatis
2450 2424 2734 2492 aliarum
2771 2426 2952 2490 fabu-

752 2546 969 2610 larum
1029 2545 1188 2611 locis
1247 2545 1393 2612 illos
1456 2563 1694 2612 versus
1756 2546 1927 2613 tales
1988 2563 2159 2624 esse,
2207 2550 2286 2612 ut
2330 2529 2777 2628 suspicionem
2820 2563 2953 2612 mo-

753 2671 994 2749 veant3
1043 2671 1354 2734 nostrum
1400 2668 1585 2734 enim
1628 2668 1849 2734 locum
1896 2671 2239 2750 comparat
2283 2684 2439 2771 cum
2484 2668 2671 2748 Epid.
2714 2666 2844 2731 229
2884 2670 2954 2733 et

753 2789 950 2855 Most.
1025 2790 1173 2874 274,
1245 2808 1528 2872 quorum
1595 2792 1930 2856 rationem
1988 2790 2399 2856 simillimam
2455 2804 2605 2855 esse
2665 2789 2950 2855 iudicat:

761 2912 902 2997 „die
943 2912 1089 2977 eine
1127 2910 1680 2977 Gedankenreihe
1708 2913 1985 2991 beginnt
2012 2912 2142 2977 mit
2166 2912 2370 2976 Tum
2409 2911 2569 2977 isti
2609 2909 2951 2987 Graeci,

753 3032 857 3098 die
902 3032 1109 3098 andre
1153 3034 1281 3097 mit
1329 3033 1533 3098 Tum
1579 3034 1743 3099 isti
1790 3034 1962 3115 qui:
2016 3048 2183 3112 ganz
2226 3032 2489 3098 ahnlich
2536 3034 2627 3098 ist
2674 3033 2792 3113 Ep.
2822 3032 2951 3097 229

753 3154 962 3234 Quid
1010 3154 1235 3220 istae
1282 3171 1495 3235 quae
1542 3172 1606 3219 u.
1635 3173 1688 3220 s.
1715 3172 1801 3219 w.
1852 3154 1988 3219 und
2016 3154 2212 3219 Most.
2250 3155 2377 3219 274
2420 3153 2624 3219 Nam
2669 3154 2951 3219 istaec

752 3281 1100 3341 veteres
1152 3292 1218 3338 u.
1245 3293 1299 3340 ε.
1326 3294 1410 3339 νν.
1461 3275 1617 3340 Nun
1662 3277 1822 3342 aber
1867 3276 2017 3344 sind
2064 3275 2167 3339 die
2211 3276 2421 3341 Verse
2467 3275 2665 3341 Most.
2716 3275 2843 3340 274
2880 3274 2947 3341 ff.

751 3399 961 3463 kaurn
1007 3415 1094 3462 an
1133 3397 1309 3461 ihrer
1343 3396 1566 3473 stelle,
1608 3398 1740 3464 wie
1780 3385 1985 3464 schon
2026 3397 2339 3476 Ladewig
2370 3397 2699 3463 annahm:
2739 3397 2950 3463 wahr-

751 3518 1110 3586 scheinlich
1179 3518 1329 3584 sind
1400 3518 1498 3584 sie
1565 3534 1682 3599 gar
1748 3520 1936 3584 nicht
1982 3518 2431 3601 *plautinisch,
2487 3518 2953 3599 ebensowenig

751 3642 881 3708 wie
939 3642 1056 3723 Ep.
1127 3642 1254 3706 229
1315 3642 1428 3706 ff.”
1492 3641 1910 3723 Quamquam
1975 3641 2145 3707 tales
2205 3640 2328 3706 loci
2387 3657 2505 3723 per
2556 3658 2627 3707 se
2672 3641 2953 3723 quisque

685 3824 689 3828 .
749 3764 1067 3846 perpendi
1113 3764 1528 3844 spectarique
1573 3764 1816 3829 debent
1862 3778 2076 3844 neque
2115 3762 2409 3829 multum
2445 3762 2702 3844 probat,
2742 3762 2952 3845 siquis

749 3885 1100 3953 nonnullos
1159 3886 1354 3951 affert
1413 3884 1588 3951 locos
1647 3886 1995 3966 insiticios,
2068 3887 2183 3966 qui
2243 3884 2723 3966 quodammodo
2782 3883 2948 3967 eius,

750 4010 832 4074 de
892 4026 1021 4090 quo
1080 4008 1322 4088 agitur,
1387 4008 1640 4074 similes
1685 4010 1867 4082 sunt,
1917 4011 2147 4073 tamen
2197 4008 2279 4072 ad
2326 4011 2634 4073 nostrum
2680 4006 2949 4089 quidem

750 4130 969 4196 locum
1051 4148 1290 4211 parum
1360 4131 1615 4196 faciunt
1685 4130 1753 4206 ii,
1831 4146 1999 4210 quos
2068 4128 2325 4195 confert
2391 4128 2634 4206 Gon'rz,
2704 4129 2946 4211 quippe

823 4390 880 4459 1)
916 4387 1162 4443 Etiamne
1197 4387 1342 4442 locus
1379 4386 1445 4441 de
1479 4386 1644 4442 servis
1678 4384 1981 4441 ludentibus
2016 4383 2073 4438 in
2108 4384 2228 4440 via?
