3459 5300
1544 579 1622 643 17

577 763 722 826 Iam
785 761 908 827 hac
962 761 1269 826 molestia
1315 760 1601 834 sublata,
1649 759 1733 824 ad
1780 758 1979 824 aliam
2026 761 2133 823 est
2178 755 2685 822 transeundum.

492 881 818 963 Quidnam
866 880 1088 948 lenoni
1134 880 1492 946 Palinurus
1537 881 1654 945 dat
1701 879 2009 945 consilii?
2058 877 2343 943 Suadet:

1708 1001 1880 1082 Quin
1930 1003 2009 1064 tu
2050 1000 2302 1081 aliquot
2349 997 2489 1062 dies

676 1123 984 1204 Perdura,
1034 1124 1194 1188 dum
1242 1123 1569 1188 intestina
1613 1124 2064 1203 exputescunt
2110 1122 2255 1195 tibi,

675 1243 872 1308 Nunc
917 1244 1079 1308 dum
1125 1243 1384 1308 salsura
1431 1247 1541 1308 sat
1587 1244 1863 1308 bonast:
1914 1243 1973 1307 si
2020 1242 2085 1306 id
2130 1241 2385 1316 feceris,
2492 1303 2501 1310 ,

677 1349 1218 1447 Venire‘poteris
1263 1363 1610 1430 intestinis
1656 1363 1880 1429 vilius.

587 1489 840 1551 Auctor
889 1485 1097 1565 igitur
1140 1484 1364 1551 lenoni
1403 1487 1527 1566 est,
1571 1489 1651 1550 ut
1688 1484 2001 1566 perduret
2039 1484 2291 1564 aliquot
2330 1484 2491 1564 dies,
2534 1483 2693 1547 dum

499 1607 626 1673 sibi
687 1607 1016 1673 intestina
1075 1609 1540 1688 exputescant.
1605 1607 1750 1672 Hoc
1807 1611 1913 1672 est
1976 1606 2421 1687 perspicuum.
2471 1605 2694 1669 Etiam

500 1732 690 1810 patet
750 1728 909 1808 quid
970 1727 1080 1793 illa
1121 1728 1594 1824 ⁴admonitione
1655 1730 2000 1808 spectetur
2051 1727 2395 1792 enunciari
2440 1727 2699 1791 verbis:

511 1851 608 1937 „si
669 1852 735 1916 id
797 1851 1031 1916 feceris
1076 1867 1132 1914 e.
1173 1869 1242 1932 q.
1293 1851 1394 1916 s.’'
1442 1851 1610 1931 Quid
1655 1854 1889 1916 autem
1936 1850 2313 1930 significant
2360 1852 2565 1916 verba
2609 1851 2703 1913 in-

503 1969 863 2056 terposita:
911 1991 1129 2060 „nunc
1168 1974 1328 2039 dum
1369 1975 1627 2040 salsura
1666 1977 1777 2040 sat
1808 1973 2141 2040 bonast'’‘?
2188 1974 2419 2056 Neque
2442 1979 2707 2040 veteres

503 2115 720 2179 neque
781 2097 1184 2162 recentiores
1246 2097 1650 2178 interpretes
1712 2112 1855 2160 rem
1917 2096 2337 2178 expedivisse
2401 2097 2566 2161 mihi
2615 2096 2708 2160 vi·

505 2221 768 2286 dentur.
841 2219 1148 2302 Explicat
1219 2218 1614 2285 Gauranos:
1693 2219 1966 2303 „utique
2035 2237 2189 2284 cum
2252 2219 2345 2284 sit
2405 2235 2485 2284 ea
2544 2218 2706 2283 anni

506 2347 896 2424 tempestae,
959 2359 1092 2423 qua
1155 2341 1414 2408 salsura
1481 2341 1675 2408 solito
1737 2341 1957 2406 carius
2002 2340 2314 2406 veneat”.
2386 2339 2708 2418 Intelligit

507 2466 713 2544 igitur
750 2464 1082 2529 salsuram
1113 2466 1416 2546 pretium
1454 2464 1763 2530 salsurae
1802 2462 1910 2530 vel
1949 2464 2197 2529 bonum
2236 2480 2491 2546 carum,
2536 2464 2707 2545 quod

509 2601 749 2649 verum
818 2601 966 2651 esse
1034 2585 1213 2651 haud
1281 2585 1467 2651 facile
1535 2587 1892 2669 quisquam
1960 2587 2204 2653 credet.
2275 2586 2706 2655 GRon‘ovms:

516 2726 708 2795 „cum
772 2710 1076 2774 Turnebo
1139 2726 1372 2775 censeo
1435 2710 1518 2774 ad
1579 2727 1816 2788 garum
1876 2727 1963 2775 ex
2025 2709 2373 2775 intestinis
2425 2710 2707 2791 piscium

511 2831 798 2913 putridis
856 2831 1223 2912 pretiosum
1285 2830 1624 2912 liquamen
1687 2834 1944 2913 respici.
1994 2833 2189 2898 Nunc
2234 2833 2415 2913 dum,
2467 2834 2708 2913 inquit,

510 2952 768 3017 salsura
826 2952 935 3016 vel
981 2953 1230 3017 muries
1275 2953 1753 3018 intestinorum
1803 2959 2092 3033 tuorum,
2141 2970 2309 3035 quae
2356 2956 2713 3018 conservat

511 3075 838 3139 intestina
897 3076 1037 3156 tua,
1103 3076 1212 3139 sat
1273 3076 1444 3141 bona
1504 3077 1630 3155 est,
1695 3076 1957 3154 integra
2018 3077 2140 3158 est,
2191 3075 2351 3140 facit
2398 3076 2709 3157 officium,

512 3199 592 3261 ut
661 3180 954 3262 nondum
1023 3196 1251 3261 omnia
1313 3201 1433 3262 tua
1491 3198 1817 3263 intestina
1878 3200 2431 3279 computruerint.
2496 3198 2581 3261 Et
2636 3198 2714 3261 de

514 3318 678 3399 vita,
743 3318 953 3399 deque
1000 3336 1098 3397 eo,
1146 3320 1315 3400 quod
1367 3320 1514 3384 sani
1560 3323 1795 3400 restat,
1843 3320 2155 3401 loquitur,
2208 3325 2287 3384 ut
2335 3321 2416 3385 de
2462 3320 2713 3384 muria:

516 3441 596 3505 de
643 3440 826 3523 ipsis,
876 3444 955 3505 ut
1003 3441 1083 3505 de
1140 3441 1516 3507 muriaticis
1561 3440 2071 3522 loquebantur.”
2124 3442 2395 3521 Ussme,
2445 3445 2525 3506 ut
2580 3442 2716 3504 iam

518 3562 786 3627 veniam
848 3562 931 3629 ad
991 3562 1436 3628 recentiorum
1496 3562 1861 3643 opiniones,
1912 3566 2089 3626 recte
2137 3563 2448 3627 observat
2494 3560 2718 3635 verba,

519 3684 598 3749 de
644 3684 886 3765 quibus
932 3683 1218 3763 agimus,
1250 3684 1680 3766 parenthesin
1723 3701 1872 3749 esse
1919 3699 2194 3749 causam
2235 3682 2714 3757 continentem,

519 3824 638 3872 cur
701 3806 1231 3887 exspectandum
1279 3806 1371 3871 sit
1390 3826 1405 3886 ;
1453 3822 1863 3887 quamquam
1908 3804 2055 3869 eius
2100 3802 2721 3883 interpretationem

520 3929 794 4009 probare
855 3944 1147 4008 nequeo:
1215 3926 1551 4011 „scilicet”
1615 3927 1715 3991 ait
1786 3926 2123 4011 „nondum
2188 3924 2581 4005 exputuisse
2630 3922 2723 3985 in·

520 4050 793 4131 testina‚
848 4050 1005 4129 quia
1050 4048 1347 4122 salsura,
1398 4064 1483 4112 ne
1529 4048 1998 4122 absumantur,
2046 4044 2478 4126 prohibitura,
2522 4043 2726 4107 etiam

522 4189 698 4236 nunc
744 4169 914 4236 satis
963 4171 1134 4235 bona
1181 4169 1300 4234 sit.
1342 4168 1469 4233 Sed
1511 4187 1695 4235 nunc
1733 4169 1919 4249 dum,
1949 4167 2118 4247 quod
2161 4166 2342 4231 codd.
2387 4164 2725 4244 praebent,

524 4294 913 4357 etiamnunc
962 4291 1332 4369 significare
1379 4309 1510 4355 non
1562 4294 1786 4371 potest
1800 4312 1826 4369 ;
1874 4289 1933 4353 si
1971 4294 2201 4354 autem
2249 4304 2487 4373 „nunc,
2526 4282 2729 4348 dum''

530 4415 888 4487 scribatur,
948 4416 1070 4495 aut
1117 4430 1270 4476 curn
1323 4413 1621 4478 Acidalio
1665 4413 1944 4492 aliisque
1999 4410 2402 4496 „nondum”,
2450 4426 2489 4473 a
2537 4423 2739 4471 sensu

2509 4526 2539 4574 2
