3459 5300
1821 533 1908 598 98

761 708 831 774 in
878 711 1287 791 privatum'’.
1334 714 1561 795 Atque
1606 716 1782 795 apud
1829 717 2108 782 Festum
2158 735 2218 798 p.
2275 716 2400 782 125
2438 716 2724 796 legimus
2757 719 2956 784 b‘aec:

770 831 1157 916 „macellum
1217 835 1471 900 dictum
1534 853 1574 900 a
1636 836 1905 903 Macello
1963 838 2272 920 quodam,
2325 839 2442 920 qui
2486 840 2838 904 exercebat
2886 838 2956 904 in

763 953 943 1020 Urbe
1011 953 1454 1037 latrocinium,
1527 974 1657 1039 quo
1722 959 2043 1025 damnato
2111 975 2420 1026 censores
2489 958 2823 1025 Aemilius
2891 962 2961 1024 et

762 1074 1041 1141 Fulvius
1081 1081 1489 1155 statuerunt,
1531 1084 1611 1144 ut
1646 1081 1716 1145 in
1754 1082 1949 1146 domo
1973 1081 2116 1147 eius
2139 1081 2413 1146 obsonia
2436 1080 2958 1147 venderentur'’.

761 1197 1057 1264 Eandem
1116 1197 1444 1265 latrocinii
1506 1201 1859 1267 historiam
1919 1203 2223 1267 narravit
2276 1203 2489 1268 Varro
2536 1203 2605 1267 in
2651 1202 2960 1284 Antiqui-

762 1319 1020 1385 tatibus
1065 1338 1290 1386 rerum
1337 1322 1789 1388 humanarum
1835 1326 2015 1390 teste
2063 1321 2326 1389 Donato
2369 1324 2453 1388 ad
2503 1324 2649 1387 Ter.
2697 1323 2868 1389 Eun.
2897 1323 2958 1398 2,

764 1441 823 1521 2,
876 1442 995 1506 25:
1050 1441 1289 1527 „Num
1339 1444 1651 1526 Equitius
1698 1445 1962 1526 Cuppes
2009 1447 2080 1510 et
2129 1444 2237 1509 M.’
2288 1444 2600 1510 Macellus
2639 1442 2961 1525 singulari

758 1564 1101 1629 latrocinio
1163 1565 1381 1631 multa
1436 1566 1579 1632 loca
1623 1566 2005 1632 habuerunt
2049 1566 2318 1630 infesta.
2394 1566 2520 1629 His
2562 1565 2634 1628 in
2681 1563 2961 1630 exilium

760 1687 931 1752 actis
978 1686 1313 1768 publicata
1358 1692 1523 1753 sunt
1563 1690 1734 1755 bona
1773 1692 1844 1753 et
1880 1689 2078 1754 aedes
2116 1689 2232 1753 ubi
2268 1688 2663 1752 babitabant
2696 1686 2956 1752 dirutae

758 1824 927 1889 eque
972 1827 1050 1876 ea
1095 1811 1373 1890 pecunia
1420 1809 1634 1876 scalae
1679 1811 1882 1876 deum
1927 1810 2285 1876 Penatium
2331 1809 2714 1876 aedificatae
2755 1814 2956 1891 sunt;

761 1929 873 1995 ubi
934 1911 1332 1996 babitabant
1363 1927 1432 2013 ¹),
1494 1931 1679 1997 locus
1743 1931 1856 1996 ubi
1917 1932 2228 1997 venirent
2289 1947 2368 1995 ea
2422 1947 2594 2011 quae
2641 1931 2955 1996 vescendi

760 2068 960 2116 causa
1004 2052 1075 2117 in
1122 2053 1357 2118 urbem
1403 2058 1599 2118 erant
1644 2052 1867 2119 allata.
1917 2055 2153 2135 Itaque
2201 2054 2284 2118 ab
2332 2053 2538 2118 altero
2583 2051 2955 2128 Macellum,

758 2175 844 2239 ab
903 2174 1110 2240 altero
1172 2175 1390 2241 forum
1452 2175 1855 2258 Cuppedinis
1912 2176 2323 2256 appellatum
2384 2174 2556 2240 est''.
2629 2173 2725 2238 Cf.
2774 2174 2955 2239 Fest-

760 2313 821 2376 p.
874 2295 994 2359 48:
1067 2296 1366 2381 „Cuppes
1426 2300 1497 2362 et
1556 2298 1877 2379 cuppedia
1937 2297 2198 2379 antiqui
2260 2296 2577 2362 lautiores
2621 2295 2804 2361 cibos
2849 2312 2957 2361 no·

760 2417 1110 2483 minabant
1127 2441 1142 2499 3
1190 2420 1345 2486 inde
1391 2424 1460 2484 et
1507 2419 1862 2486 macellum
1909 2420 2126 2486 forum
2149 2419 2493 2501 cupedinis
2515 2418 2955 2500 appellabant.

760 2538 1051 2621 Cupedia
1109 2545 1343 2606 autem
1388 2561 1428 2607 a
1474 2543 1841 2622 cupiditate
1891 2546 2053 2607 sunt
2099 2543 2294 2626 dicta,
2345 2542 2472 2618 vel,
2517 2541 2697 2606 sicut
2745 2539 2957 2607 Varro

757 2662 872 2745 ait,
923 2664 1095 2743 quod
1142 2664 1233 2729 ibi
1281 2664 1483 2730 fuerit
1530 2666 1889 2747 Cupedinis
1927 2664 2174 2746 equitis
2192 2661 2244 2747 ²)
2284 2664 2542 2739 domus,
2581 2662 2697 2744 qui
2736 2662 2954 2727 fuerat

757 2784 839 2849 ob
906 2782 1331 2852 latrocinium
1400 2786 1826 2851 damnatus'’.
1900 2786 2051 2851 Vid.
2118 2785 2328 2850 etiam
2389 2784 2573 2849 locus
2635 2782 2954 2849 Varronis

758 2923 961 2987 supra
1026 2908 1298 2983 citatus,
1360 2913 1562 2990 atque
1622 2908 1800 2972 Plut.
1864 2907 2134 2987 Quaest.
2200 2907 2391 2972 Rom.
2462 2905 2583 2970 54:
2653 2904 2954 2991 „m'yerou

756 3027 883 3105 γὰρ
956 3028 1015 3089 ἒν
1088 3030 1289 3110 Ῥώμῃ
1359 3029 1564 3106 βίαιον
1633 3026 1820 3107 ἄνδρα
1893 3028 1997 3091 καὶ
2069 3026 2386 3108 λῃστρικὸν
2456 3025 2783 3103 γενόμενον
2847 3026 2951 3088 καὶ

758 3146 1185 3227 περικόψαντα
1252 3150 1539 3228 πολλοῦς,
1602 3151 1940 3214 Μάκελλον
1997 3150 2283 3231 τοῦνομα,
2335 3147 2520 3225 μόγις
2571 3148 2800 3212 ἁλῶναι
2849 3148 2952 3211 καὶ

758 3270 1167 3348 κολασθῆναι,”
1208 3273 1274 3336 ἐκ
1316 3272 1375 3335 δὲ
1417 3278 1531 3336 τῶν
1570 3272 1912 3353 χρημάτων
1949 3273 2140 3335 αὐτοῦ
2176 3269 2457 3347 δημόσιον
2496 3269 2951 3355 οἰκοδομηθῆναι

760 3393 1114 3469 κρεοπώλιον
1162 3394 1274 3455 ἀπ’
1325 3393 1546 3457 ἐκείνου
1594 3394 1978 3469 κτησάμενον
2026 3394 2132 3466 τὴν
2183 3394 2651 3469 προσηγορίαν”.

847 3512 965 3579 Illa
1009 3514 1289 3579 historia
1336 3515 1414 3579 de
1459 3514 1727 3581 Macello
1772 3519 1844 3581 et
1891 3514 2199 3597 Cuppede
2239 3516 2343 3580 vel
2384 3514 2766 3596 Cuppedine
2789 3514 2950 3595 quin

755 3634 840 3699 ab
886 3634 1282 3717 etymologis
1328 3637 1487 3702 ficta
1532 3638 1627 3702 sit
1670 3637 1753 3702 ad
1797 3636 2187 3719 explicanda
2233 3637 2507 3702 nomina
2553 3636 2812 3702 macelli
2856 3638 2954 3701 at·

755 3772 884 3837 que
937 3756 1059 3822 fori
1107 3759 1577 3840 cuppedinarii,
1625 3759 1803 3825 haud
1849 3759 2127 3824 dubium
2174 3759 2339 3824 mihi
2389 3758 2689 3840 videtur;
2739 3772 2953 3839 neque

755 3877 1082 3958 intellego,
1144 3882 1471 3961 quomodo
1528 3882 1567 3947 J
1572 3899 1798 3947 oRDAN
1841 3885 1911 3947 et
1960 3881 2278 3960 Grumum,
2327 3880 2642 3960 quamvis
2687 3878 2798 3943 illa
2844 3895 2951 3944 no·

1002 4074 1148 4081 ———

827 4196 884 4262 1)
938 4193 1191 4248 Unmcfls
1239 4193 1379 4249 delet
1425 4195 1510 4249 ubi
1552 4197 1851 4250 habitabant
1894 4199 1954 4249 ut
2002 4192 2436 4264 dittographiam3
2488 4193 2718 4246 Jonmn
2772 4190 2954 4247 inserit

754 4280 1089 4351 aedficatus;
1124 4284 1181 4337 at
1217 4280 1314 4335 hoc
1349 4281 1544 4350 optime
1581 4286 1756 4336 mente
1791 4280 2020 4352 suppleri
2057 4282 2247 4351 potest.

827 4366 884 4435 2)
918 4363 1151 4419 Jonmm
1188 4365 1370 4421 scribit
1409 4366 1597 4436 Equiti.
