3459 5300
1842 576 1926 640 28

791 756 1247 832 ἀπροσδοκήτως
1321 759 1624 841 sequitur
1677 760 2063 845 „intestinis
2132 760 2399 835 vilius,”
2448 761 2489 825 i.
2532 779 2590 826 e.
2662 765 2847 846 „tum
2914 765 2991 826 tu

787 880 996 945 etiam
1058 879 1250 946 vilior
1309 880 1441 946 eris
1506 899 1706 962 quam
1754 882 2116 965 intestina,
2180 886 2329 948 tum
2385 882 2713 949 intestina
2758 885 2881 948 tua
2923 883 2990 948 id

787 1004 1007 1083 erunt,
1055 1019 1184 1083 quo
1229 1002 1446 1068 carius
1494 1002 1658 1067 nihil
1703 1003 1771 1069 in
1821 1007 1891 1068 te
1935 1003 2226 1069 inveniri
2271 1004 2582 1086 poterit.”
2632 1004 2838 1069 Vides
2878 1021 2987 1070 me

787 1123 1122 1187 intestinis
1185 1127 1265 1188 ut
1323 1123 1697 1189 ablativum
1757 1125 2274 1206 comparationis
2333 1125 2643 1207 accipere,
2709 1143 2843 1190 non
2904 1128 2985 1190 ut

792 1243 1192 1336 Ussmenm,
1230 1245 1346 1325 qui
1379 1245 1696 1326 explicat:
1733 1249 1965 1333 „tanto
1989 1246 2190 1312 vilius
2215 1246 2411 1312 vendi
2436 1247 2702 1330 poteris,
2730 1249 2983 1327 quanto

787 1365 1136 1431 intestinis
1171 1366 1552 1447 absumptis
1587 1366 1795 1433 levior
1816 1367 2011 1448 eris'’,
2039 1367 2145 1432 vel
2167 1367 2534 1444 GomzmM,
2569 1367 2760 1434 cuius
2784 1367 2980 1432 inter-

789 1488 1075 1567 pretatio
1121 1488 1431 1554 videatur
1475 1506 1694 1570 supra.
1746 1489 2137 1572 Magnopere
2182 1489 2364 1554 enim
2410 1506 2657 1565 vereor,
2690 1492 2771 1554 ut
2794 1491 2984 1554 intes-

790 1611 952 1674 tinis
996 1609 1198 1674 vilius
1246 1609 1372 1675 dici
1418 1610 1629 1691 possit
1670 1628 1787 1692 pro
1816 1613 2097 1694 propter
2131 1611 2447 1676 intestina
2477 1610 2723 1692 putida
2764 1611 2983 1676 vilius

879 1731 1245 1813 PostremO,
1294 1731 1464 1812 quod
1503 1731 1791 1796 Serenus
1832 1731 2295 1797 Sammonicus
2334 1734 2629 1797 testatur
2671 1731 2985 1796 Plautum

791 1851 1005 1917 dicere
1046 1851 1260 1916 dulcia
1298 1852 1523 1917 minus
1567 1857 1728 1933 apta
1774 1870 1921 1918 esse
1968 1853 2199 1933 grandi
2243 1852 2419 1934 lieni,
2469 1854 2591 1918 hoc
2638 1869 2723 1919 ex
2768 1853 2987 1934 aliqua

790 1972 1032 2055 fabula,
1078 1991 1248 2055 quae
1293 1975 1425 2039 iam
1477 1992 1610 2041 non
1657 1979 1905 2050 exstat,
1956 1991 2112 2040 eum
2158 1975 2480 2057 petivisse
2526 1976 2773 2056 opinor.

883 2233 986 2281 vs.
1038 2215 1187 2282 253.

882 2337 1236 2403 Palinurus
1291 2357 1332 2404 a
1376 2340 1608 2406 lenone
1656 2342 1947 2422 rogatUS,
1996 2345 2077 2405 ut
2122 2341 2250 2405 sibi
2294 2340 2577 2406 coniciat
2626 2341 2983 2422 somnium,

793 2458 963 2539 quod
1022 2459 1326 2539 proxima
1391 2462 1584 2526 nocte
1644 2460 1909 2541 viderit,
1972 2461 2330 2543 quominus
2384 2461 2588 2526 faciat
2633 2461 2990 2542 impeditur

792 2569 1185 2646 interventu
1231 2581 1440 2663 coqui,
1489 2581 1600 2664 qui
1645 2581 1835 2647 illum
1880 2581 2057 2647 intro
2103 2583 2197 2646 ire
2235 2581 2439 2647 iubet.
2480 2583 2697 2663 Rogat
2736 2587 2984 2665 autem,

794 2704 874 2767 ut
918 2701 1249 2796 paulisper
1295 2707 1587 2779 maneat,
1635 2703 1797 2768 dum
1843 2704 2179 2769 somnium
2228 2704 2614 2770 coniecerit:

1314 2823 1386 2887 P.
1436 2825 1627 2889 Mane
1673 2824 1789 2905 sis,
1839 2825 2001 2889 dum
2047 2825 2200 2903 huic
2244 2825 2492 2891 conicio
2538 2826 2895 2891 somnium.

977 2944 1046 3009 G.
1097 2945 1270 3011 Tute
1313 2946 1470 3027 ipse,
1523 2945 1741 3026 siquid
1788 2946 2162 3023 somniasti,
2208 2948 2293 3012 ad
2338 2965 2446 3013 me
2492 2948 2719 3013 refers

887 3067 1017 3133 Cur
1087 3069 1264 3133 Brux
1296 3069 1342 3150 Ι)
1407 3068 1583 3133 inter
1645 3068 1767 3134 hos
1830 3084 2069 3133 versus
2128 3073 2248 3135 aut
2310 3068 2533 3149 plures
2595 3073 2714 3135 aut
2774 3087 2989 3135 unum

796 3187 1055 3265 saltem,
1117 3206 1402 3271 eumque
1460 3190 1916 3274 huiuscemodi
1962 3188 2131 3254 fere:
2190 3190 2434 3274 „immo
2481 3206 2600 3270 ego
2646 3190 2988 3271 coniciam,

796 3327 955 3376 nam
996 3311 1327 3376 coniector
1364 3329 1514 3376 sum
1558 3310 1944 3392 optumuS,’'
1984 3310 2400 3376 intercidisse
2438 3314 2653 3392 putet,
2686 3312 2991 3393 equidem

797 3449 931 3497 non
978 3431 1304 3511 intellego.
1354 3430 1682 3511 Quidnam
1729 3431 1836 3496 hic
1872 3429 2335 3525 desideratur?
2374 3430 2608 3496 Nonne
2646 3432 2993 3513 aptissime

796 3572 1044 3636 coquus
1103 3553 1412 3619 Palinuro
1472 3553 1707 3635 plenus
1768 3552 2229 3619 admirationis
2288 3553 2523 3618 obicit:
2596 3556 2782 3639 „tute
2829 3554 2993 3635 ipse,

797 3678 1013 3761 siquid
1075 3675 1450 3755 somniasti,
1515 3675 1598 3741 ad
1638 3670 1753 3739 'me
1798 3674 2005 3740 refers
2020 3673 2098 3737 ‘?”
2147 3674 2400 3739 Tamen
2446 3691 2561 3754 pro
2606 3677 2739 3739 tute
2782 3673 2996 3753 legere

799 3800 1027 3865 malim
1075 3802 1250 3874 tune,
1285 3815 1414 3880 quo
1456 3798 1668 3876 magis
1707 3797 1798 3862 sit
1839 3796 2185 3877 perspicua
2224 3796 2357 3862 ista
2394 3796 2745 3862 admiratio
2783 3795 2997 3879 (Tune

799 3921 1108 3988 Plautino
1153 3937 1336 3985 more
1383 3937 1499 4000 pro
1547 3936 1763 3985 nonne
1810 3918 1931 4003 tu).
1982 3917 2069 3982 Et
2114 3918 2459 3999 quomodo,
2506 3921 2585 3981 ut
2632 3918 2714 3982 ad
2762 3918 2994 3986 Bmxn

799 4043 1342 4124 supplementum
1413 4041 1700 4116 redeam,
1765 4056 2032 4123 coquus,
2095 4038 2208 4119 qui
2270 4056 2405 4105 non
2468 4038 2561 4103 sit
2619 4043 2891 4118 rogatus
2952 4058 2995 4106 a

797 4164 1049 4244 lenone,
1090 4163 1189 4228 ita
1225 4168 1305 4228 ut
1341 4162 1612 4245 nesciat,
1656 4162 1906 4227 velitne
1942 4161 2049 4226 ille
2090 4178 2162 4227 se
2202 4162 2641 4229 coniectorem
2678 4179 2767 4231 an
2803 4162 2988 4245 nolit,

875 4421 928 4489 l)
965 4419 1117 4473 Neue
1153 4416 1496 4483 Jahrbiicher,
1531 4416 1632 4471 101
1673 4435 1720 4487 p.
1762 4416 1881 4471 764.
