3459 5300
1585 552 1712 617 119

737 737 875 816 Ego
918 753 1315 818 mancupem
1352 739 1423 803 te
1464 735 1556 803 nil
1580 753 1800 802 moror
1823 753 1946 801 nec
1967 735 2275 802 lenonem
2297 735 2503 803 alium
2533 757 2754 821 quem-

2415 863 2662 940 [quam.

647 980 770 1046 Vs.
836 978 969 1044 515
1023 979 1279 1046 Ussme
1324 979 1514 1061 ponit
1560 981 1716 1062 post
1764 977 1918 1053 498,
1964 978 2266 1045 RmBnoK
2294 978 2341 1060 ¹)
2388 984 2542 1062 post
2587 982 2753 1065 504;

553 1102 691 1169 Lno
760 1105 991 1168 autem
1061 1101 1431 1167 arbitratur
1499 1100 1828 1181 scriptum
1897 1115 2054 1165 eum
2123 1118 2271 1166 esse
2338 1105 2421 1168 ab
2483 1121 2579 1182 e0,
2642 1106 2756 1186 qui

553 1223 779 1290 omitti
856 1222 1057 1288 vellet
1125 1239 1228 1288 νε.
1301 1221 1679 1287 499-514.
1753 1221 1924 1301 Ergo
1994 1222 2249 1289 Ussme
2317 1228 2388 1289 et
2455 1226 2756 1292 Rmsncx

557 1346 804 1426 putant
866 1342 1329 1409 Curculionem
1389 1345 1543 1424 post
1602 1360 1705 1408 vs.
1772 1343 1902 1409 513
1963 1346 2036 1408 et
2083 1343 2236 1418 514,
2281 1345 2395 1425 qui
2439 1345 2756 1411 dicuntur

553 1465 637 1530 ad
698 1464 1022 1546 lenonem,
1092 1464 1236 1529 sine
1296 1463 1426 1530 ullo
1486 1465 1784 1530 transitu
1848 1481 1920 1530 se
1981 1467 2368 1532 convertere
2429 1483 2624 1548 posse
2670 1468 2754 1532 ad

552 1586 890 1669 Lyconem
954 1585 1177 1651 verbis
1238 1585 1368 1668 (vs.
1422 1584 1610 1670 516):
1684 1585 1920 1670 „Ly00,
1972 1587 2294 1667 numquid
2344 1588 2546 1654 vis’'?
2595 1588 2751 1653 Mihi

552 1690 822 1789 quidem
884 1708 1008 1774 hoc
1060 1725 1194 1774 non
1240 1708 1595 1774 admodum
1645 1707 1914 1773 videtur
1960 1707 2337 1773 verisimile.
2386 1710 2602 1776 Immo
2648 1727 2750 1776 νε.

556 1829 686 1895 515
749 1829 865 1894 ubi
933 1847 1114 1895 nuno
1181 1829 1424 1908 legitur
1488 1827 1884 1910 aptissimus
1950 1830 2077 1894 est.
2151 1828 2452 1895 Curculio
2497 1829 2754 1895 lenonis

555 1950 793 2034 νει-δίε,
837 1951 1079 2031 quibus
1118 1949 1377 2016 dicebat
1414 1967 1487 2016 se
1527 1949 1858 2030 mancipio
1899 1950 2217 2014 daturum
2241 1966 2411 2027 esse,
2436 1950 2754 2018 inductus

550 2075 659 2138 est
719 2073 803 2137 ad
863 2072 1132 2150 longam
1189 2074 1425 2138 contra
1483 2070 1758 2138 lenones
1817 2071 2326 2137 insectationem
2388 2076 2459 2137 et
2501 2073 2754 2154 astipu-

550 2193 735 2260 lante
791 2193 1056 2276 Lycone
1113 2194 1295 2274 ipsos
1338 2210 1599 2275 quoque
1634 2195 2001 2274 trapezitas
2047 2197 2310 2276 praeter
2352 2196 2752 2276 exspectati-

552 2332 750 2382 onem
788 2316 1101 2382 convitiis
1137 2317 1391 2381 onerat.
1434 2315 1602 2396 Quid
1640 2333 1822 2384 nunc
1859 2316 2075 2394 magis
2111 2315 2194 2380 ad
2231 2332 2374 2380 rem
2413 2319 2521 2381 est
2542 2333 2747 2397 quam

552 2437 1035 2519 Curculionem,
1122 2437 1282 2503 dum
1349 2436 1658 2503 lenonem
1725 2455 1767 2503 a
1835 2455 1908 2504 se
1970 2436 2276 2515 dimittit,
2353 2438 2586 2519 paucis
2668 2455 2748 2503 ea

550 2561 847 2640 repetere
886 2575 1056 2640 quae
1094 2557 1270 2623 illius
1308 2558 1603 2640 impetus
1642 2574 1883 2624 ansam
1921 2559 2264 2642 dederunt,
2295 2557 2552 2641 illisque
2589 2577 2745 2626 eum

551 2681 772 2747 verbis
818 2680 1161 2747 absolvere
1206 2683 1409 2762 atque
1455 2681 1844 2746 dimittere?

634 2802 884 2867 Eodem
932 2802 1128 2867 modo
1177 2820 1276 2867 νε.
1307 2804 1431 2867 581
1483 2801 1629 2867 leno
1680 2806 1833 2883 post
1877 2802 2401 2877 altercationem,
2444 2820 2614 2885 quae
2651 2821 2742 2869 re-

545 2940 704 2988 vera
774 2940 908 2989 non
976 2923 1060 2988 ad
1130 2939 1272 2989 rem
1339 2924 1652 3004 pertinet,
1722 2924 1819 2989 sic
1884 2923 1964 2988 ad
2037 2924 2256 3004 ipsam
2325 2942 2467 2990 rem
2532 2925 2740 2993 redit:

550 3048 707 3130 „ego
749 3043 931 3109 illam
977 3044 1227 3109 reddidi
1273 3044 1388 3126 qui
1431 3048 1786 3123 argentum
1833 3063 1876 3110 a
1921 3047 1991 3109 te
2036 3045 2339 3111 attulit.'’
2711 3126 2716 3131 α

633 3166 943 3231 Aversus
1010 3184 1053 3231 a
1120 3165 1355 3231 lenone
1442 3166 1746 3231 Curculio
1830 3168 2232 3247 trapezitam
2313 3168 2601 3249 appellat
2668 3172 2741 3233 et

551 3285 785 3373 „Ly00,
826 3287 1155 3367 numquid
1197 3287 1384 3352 vism?
1422 3292 1630 3367 rogat.
1674 3289 1848 3353 Tum
1873 3289 1969 3355 sic
1993 3289 2286 3370 procedit
2307 3289 2738 3370 colloquium:

720 3407 794 3472 L.
845 3410 1024 3474 Bene
1071 3409 1239 3474 vale.
1290 3408 1427 3475 CV.
1476 3409 1659 3475 Vale.
1712 3409 1848 3475 CA.
1900 3411 2087 3475 Heus
2130 3413 2227 3491 tn,
2269 3411 2392 3476 tibi
2429 3427 2550 3491 ego
2573 3410 2736 3475 dico.

722 3529 857 3595 CV.
906 3527 1245 3611 Eloquere,
1293 3529 1450 3612 quid
1500 3530 1654 3595 vis?
1701 3530 1838 3597 CA.
1880 3531 2157 3612 Quaeso,
2197 3535 2277 3596 ut
2314 3531 2487 3597 hanc
2524 3548 2737 3607 cureS,

1859 3656 2102 3731 [<ut>
2156 3654 2324 3719 bene
2369 3653 2463 3717 sit
2508 3653 2643 3718 isti.

600 3842 608 3850 ,
719 3774 901 3839 Bene
945 3790 1065 3853 ego
1112 3773 1320 3839 istam
1364 3774 1566 3839 eduxi
1610 3792 1800 3841 meae
1845 3774 2023 3841 domi
2068 3778 2138 3839 et
2182 3775 2434 3856 pudice.
2486 3774 2621 3840 CV.
2665 3774 2735 3841 Si

2077 3895 2301 3974 [huius
2348 3896 2640 3979 miseret,

717 4015 964 4097 Ecquid
1027 4016 1147 4081 das
1207 4017 1323 4097 qui
1383 4017 1549 4081 bene
1609 4016 1751 4080 sit‘?
1814 4015 1951 4081 CA.
2015 4016 2284 4082 Malum.
2335 4015 2466 4082 CV.
2518 4018 2735 4098 Opust

1843 4138 1986 4216 [hoc
2033 4138 2147 4220 qui
2195 4141 2265 4203 te
2310 4155 2639 4219 procures,
2685 4124 2693 4131 ’

607 4392 661 4458 1)
699 4390 733 4445 l.
770 4390 803 4447 l.
842 4410 892 4463 p.
932 4393 1051 4447 101.
