3459 5300
1612 547 1737 611 117

662 732 853 814 Capt.
906 731 1028 798 561
1089 748 1266 813 sqq.:

748 853 836 918 H.
901 853 999 918 At
1061 853 1269 918 etiam
1331 854 1402 918 te
1462 869 1658 918 suom
1704 850 1996 918 sodalem
2048 867 2198 917 esse
2243 850 2444 918 aibat.
2494 853 2567 916 Τ.
2618 855 2772 923 Hau

2236 973 2395 1052 [vidi
2443 974 2681 1054 magis.

746 1093 847 1161 Et'
872 1097 1139 1178 quidem
1177 1096 1537 1162 Alcumeus
1558 1099 1764 1178 atque
1780 1095 2057 1161 'Orestes
2079 1098 2149 1160 et
2172 1094 2519 1178 Lycurgus
2542 1100 2773 1176 postea

750 1218 905 1284 Una
950 1236 1150 1300 opera
1194 1218 1361 1284 mihi
1411 1222 1576 1284 sunt
1623 1217 1882 1284 sodales
1929 1234 2061 1299 qua
2105 1217 2257 1282 iste.

657 1340 786 1406 Hic
854 1339 1180 1406 habemus
1249 1338 1741 1422 copulationem
1818 1342 1877 1405 et
1936 1376 2019 1387 —
2085 1342 2182 1405 et:
2251 1342 2334 1404 et
2404 1338 2771 1404 Alcumeus

571 1463 969 1542 orestesque
1030 1463 1115 1528 et
1174 1459 1538 1543 Lycurgus.
1598 1461 1964 1526 Alcumeus
2009 1463 2081 1527 et
2125 1462 2393 1526 Orestes
2437 1463 2582 1525 arte
2629 1459 2770 1524 iun·

572 1561 843 1664 guntur,
892 1583 1136 1664 quippe
1182 1584 1296 1664 qui
1341 1583 1537 1649 ambo
1585 1582 1726 1647 sint
1776 1582 2179 1648 matricidae.

659 1705 910 1770 Eodem
956 1705 1153 1771 modo
1199 1708 1258 1769 et
1303 1705 1772 1786 explicandum
1819 1709 1925 1771 est
1971 1704 2161 1785 Oapt.
2214 1703 2364 1770 574.

661 1829 860 1894 Unus
924 1830 1200 1893 tantum
1253 1830 1359 1893 est
1404 1844 1665 1904 versuS‚
1714 1827 1849 1908 ubi,
1902 1827 1961 1892 si
2005 1829 2183 1892 recte
2230 1825 2522 1891 traditus
2566 1828 2769 1902 esset,

427 1936 434 1944 ’
569 1954 628 2017 et
676 1951 1081 2032 significaret
1126 1951 1364 2015 eiiam:
1408 1951 1579 2014 Men.
1640 1949 1847 2014 1133:

753 2073 806 2138 O
851 2073 1055 2149 salve,
1104 2072 1444 2154 insperate
1490 2071 1725 2138 multis
1771 2070 1971 2137 annis
2009 2073 2161 2153 post
2185 2088 2384 2152 quem
2408 2070 2768 2151 conspicor.

749 2193 814 2259 S.
863 2194 1120 2270 Frater,
1165 2196 1238 2259 et
1282 2198 1381 2259 tu.

659 2316 1013 2398 Nusquam
1067 2316 1244 2392 alibi,
1308 2315 1523 2396 quoad
1570 2315 1724 2391 scie,
1776 2314 2127 2380 vocativus
2173 2313 2505 2395 praecedit
2549 2315 2607 2377 et
2652 2315 2723 2378 tu
2738 2335 2766 2394 ;

563 2431 703 2504 'non
749 2454 902 2517 ergo
948 2437 1180 2503 dubito
1231 2440 1668 2519 transponere
1713 2439 1773 2501 et
1818 2438 1911 2517 tu,
1960 2436 2202 2517 frater.

659 2559 843 2626 Satis
903 2559 1402 2624 demonstrasse
1454 2558 1621 2623 mihi
1666 2558 1895 2624 videor
1942 2557 2260 2624 Plautum
2306 2558 2364 2620 et
2408 2573 2542 2622 non
2590 2555 2763 2621 adhi-

563 2682 715 2747 bere
778 2698 895 2763 pro
956 2683 1175 2747 etiam.
1241 2681 1386 2748 Iam
1451 2682 1646 2748 redeo
1705 2680 1789 2745 ad
1854 2679 2333 2745 Curculionem.
2381 2678 2480 2744 Ne
2528 2678 2765 2743 Lnouu

563 2802 830 2885 quidem
876 2805 935 2868 ei
980 2804 1248 2885 quidem
1297 2803 1571 2883 probare
1618 2818 1914 2884 possum.
1956 2801 2103 2867 Non
2141 2800 2322 2866 enim
2358 2800 2501 2866 fieri
2539 2803 2763 2881 potest
2814 2768 2823 2779 ⁸

562 2928 639 2990 ut
705 2924 1008 2990 Curculio
1065 2923 1373 2991 lenonem
1433 2924 1610 2988 idem
1674 2926 2095 2989 commoneat
2156 2923 2328 3004 quod
2381 2922 2579 3006 Lyco,
2632 2922 2763 2987 nisi

563 3046 765 3112 addat
795 3045 1048 3138 “itidem
1110 3044 1216 3111 vel
1275 3063 1526 3128 qnoque
1580 3045 1687 3111 vel
1755 3044 2080 3110 eiusmodi
2149 3042 2413 3124 aliquid,
2465 3046 2542 3108 ut
2583 3047 2763 3108 recte

562 3168 736 3233 vidit
796 3168 1085 3234 Ussruo:
1149 3170 1270 3233 aut
1332 3166 1631 3233 addenda
1674 3170 1779 3233 est
1829 3164 1986 3232 talis
2032 3183 2167 3231 vox
2214 3168 2335 3231 aut
2379 3163 2556 3229 aliud
2602 3165 2760 3245 quid

566 3288 940 3356 Curculioni
1001 3289 1351 3355 dicendum
1412 3292 1520 3355 est
1579 3307 1779 3370 quam
1844 3286 2116 3371 Lyconi.
2187 3288 2400 3369 Quare
2467 3287 2760 3368 primum

565 3414 1011 3493 compositum
1093 3414 1658 3477 commeminisse
1742 3412 2149 3478 servandum
2223 3428 2371 3477 esse
2439 3411 2755 3476 arbitror:

563 3533 742 3617 Lyco
788 3533 962 3599 dixit
1001 3536 1318 3598 memento
1330 3555 1357 3614 ;
1406 3531 1711 3599 Curculio
1747 3532 1992 3614 aliquid
2032 3532 2192 3597 dicit
2229 3531 2402 3613 quod
2439 3532 2759 3597 maiorem

564 3655 771 3720 etiam
817 3655 960 3719 vim
1004 3655 1354 3736 maiusque
1398 3654 1656 3735 pondus
1702 3655 1981 3721 habeat:
2024 3654 2173 3719 vult
2208 3653 2515 3718 lenonem
2559 3665 2760 3719 com-

563 3776 954 3843 meminisse
1012 3777 1054 3841 i.
1105 3793 1162 3841 e.
1214 3778 1402 3843 ‘bene
1450 3778 1861 3842 meminisse'
1908 3793 2078 3858 quae
2120 3776 2311 3841 dixit.
2359 3773 2541 3856 Quod
2586 3774 2757 3851 leno,

560 3897 872 3980 quamvis
935 3898 1241 3964 Curculio
1299 3899 1546 3964 dixerit
1600 3916 1768 3963 eom
1788 3900 2185 3973 meminisse,
2234 3898 2589 3977 respondet
2634 3914 2754 3961 me·

560 4021 751 4100 mini,
799 4020 922 4085 hoc
965 4024 1036 4085 et
1080 4020 1229 4087 aliis
1273 4020 1434 4087 locis
1481 4020 1860 4087 defenditur
1892 4024 1961 4085 et
1984 4020 2182 4085 Poen.
2211 4019 2340 4084 726
2381 4035 2513 4099 sq.;
2554 4020 2756 4099 atque

559 4143 838 4208 memini
917 4143 1350 4209 confirmatur
1432 4143 1513 4208 ad
1591 4143 2009 4207 commemini
2073 4141 2282 4207 etiam
2350 4140 2530 4205 Pers.
2605 4141 2753 4206 176.

559 4264 810 4329 Deinde
868 4264 987 4329 tibi
1045 4264 1266 4330 insero
1327 4268 1481 4345 post
1541 4265 1702 4330 dico.
1766 4264 1943 4328 Dicit
1993 4262 2141 4328 leno
2187 4262 2271 4327 ad
2315 4262 2787 4342 trapezitam:-

566 4438 596 4473 „
607 4387 992 4462 meminero,
1053 4386 1134 4452 de
1183 4386 1353 4453 istoc
1401 4388 1670 4469 quietus
1715 4386 1929 4466 esto’',
1974 4388 2127 4450 tum
2174 4400 2246 4449 se
2292 4385 2625 4449 convertit
2669 4384 2751 4449 ad
