3459 5300
1610 594 1698 659 69

555 796 672 846 cur
717 778 876 844 illud
924 775 1285 843 admodum
1335 775 1477 842 veri
1526 775 1849 842 dissimile
1890 775 2055 842 mihi
2092 775 2437 843 videatur:
2464 777 2762 859 primum

556 900 746 982 pueri
793 898 1044 980 emptio
1091 898 1160 963 in
1206 896 1503 964 fabulam
1542 897 1800 963 inserta
1820 898 2107 963 actionis
2130 898 2470 964 unitatem
2492 900 2762 978 gravius

555 1020 1041 1104 perturbasset,
1104 1037 1310 1101 quam
1370 1022 1451 1084 ut
1511 1035 1552 1084 a
1613 1021 1811 1099 poeta
1880 1018 2209 1086 eiusmodi
2278 1019 2525 1101 aliquid
2593 1038 2761 1087 com-

558 1143 847 1209 missum
915 1158 1066 1208 esse
1134 1141 1395 1224 probari
1458 1140 1624 1205 mihi
1684 1140 1919 1220 possit.
1992 1140 2266 1224 Deinde,
2332 1143 2391 1208 si
2450 1141 2763 1210 Leonum

558 1264 920 1346 sequimur,
970 1279 1106 1328 non
1153 1261 1460 1341 intellego
1507 1279 1610 1327 vs.
1661 1261 1794 1327 525
1840 1278 1976 1343 sq.:
2024 1263 2235 1348 „istas
2269 1264 2489 1330 minas
2512 1264 2760 1349 decem,

557 1387 673 1470 qui
718 1401 825 1451 me
871 1399 1238 1466 procurem,
1289 1383 1467 1449 Dum
1515 1383 1759 1449 melius
1799 1384 1894 1449 sit
1930 1383 2116 1461 mihi,
2157 1384 2339 1450 des’'.
2388 1386 2553 1468 Quid
2579 1388 2763 1453 enim

561 1511 707 1573 tum
752 1505 1123 1586 significare
1162 1504 1426 1571 debebit
1463 1505 2008 1572 additamentum
2054 1507 2206 1592 „qui
2244 1524 2355 1573 me
2392 1525 2759 1593 procurem,

560 1629 724 1694 dum
793 1626 1031 1693 melius
1101 1625 1194 1692 sit
1261 1626 1525 1693 mihim?
1594 1627 1852 1710 Nonne,
1918 1627 1978 1692 si
2039 1627 2219 1710 Lyco
2267 1629 2453 1710 pueri
2500 1631 2764 1696 emendi

559 1767 762 1816 causa
830 1764 988 1814 eum
1055 1747 1332 1814 adiisset
1402 1748 1798 1832 nequedum,
1865 1751 2223 1830 postquam
2284 1750 2367 1815 de
2422 1752 2764 1833 emptione

559 1871 990 1938 convenisset
1047 1870 1226 1936 inter
1285 1886 1420 1946 eoS,
1483 1870 1778 1951 pretium
1827 1870 2165 1948 solvisset,
2211 1872 2361 1937 leno
2410 1855 2764 1953 pecuniam

559 2010 840 2076 poscens
899 1992 1023 2058 hoc
1083 2008 1389 2058 sermone
1450 2009 1618 2058 usus
1679 1994 1897 2057 esset:
1968 1993 2177 2079 „istas
2236 1993 2456 2059 minas
2513 1993 2760 2079 decem,

559 2132 727 2198 quas
791 2115 956 2181 mihi
1017 2115 1234 2197 debeS,
1299 2114 1514 2180 des’'?
1574 2115 1804 2197 Atque
1864 2116 2193 2197 quomodo
2256 2116 2333 2199 16,
2399 2116 2514 2197 qui
2569 2118 2764 2183 modo

559 2238 841 2317 triginta
887 2236 1110 2302 minas
1156 2236 1432 2318 accepit,
1484 2237 1580 2302 sic
1618 2237 1796 2318 loqui
1834 2240 2058 2320 potest
2096 2237 2228 2304 nisi
2267 2240 2519 2304 certam
2562 2256 2763 2320 quan-

559 2359 713 2425 dam
768 2360 848 2426 ob
893 2359 1222 2426 causam?
1290 2357 1746 2425 statuendum
1793 2359 2002 2439 igitur
2046 2362 2156 2425 est
2200 2358 2510 2426 lenonem
2556 2363 2759 2427 antea

556 2480 946 2557 declarasse,
1007 2480 1165 2562 quid
1209 2479 1341 2545 illis
1387 2480 1666 2560 triginta
1714 2481 1919 2546 minis
1966 2480 2179 2547 facere
2227 2481 2462 2564 vellet3
2510 2481 2759 2562 fingere

556 2620 613 2670 e.
640 2619 700 2684 g.
765 2619 1127 2686 possumus
1188 2601 1439 2669 dixisse
1498 2617 1654 2668 eum
1711 2619 1784 2669 se
1829 2601 1939 2669 illa
1985 2603 2264 2685 pecunia
2309 2603 2413 2670 uti
2460 2603 2627 2671 velle
2672 2603 2757 2669 ad

556 2728 914 2807 quaestum
973 2723 1536 2809 amplificandum,
1597 2725 1800 2790 simul
1870 2727 2140 2807 propter
2184 2742 2390 2806 quam
2436 2743 2579 2792 rem
2627 2729 2757 2792 tra-

555 2846 776 2929 pezita
822 2846 1047 2912 decem
1095 2846 1318 2912 minas
1365 2845 1495 2911 sibi
1539 2846 1782 2912 debeat
1820 2863 2375 2913 commemorans.
2425 2847 2605 2929 Quae
2644 2866 2754 2914 au-

553 2970 694 3033 tem
742 2984 849 3033 res
891 2968 1057 3033 haec
1101 2967 1215 3043 sit,
1253 2966 1519 3032 difficile
1558 2967 1882 3033 nimirum
1920 2971 2030 3033 est
2068 2984 2185 3049 pro
2210 2972 2392 3035 certo
2416 2971 2752 3051 statuere3

552 3089 848 3155 maxime
910 3087 1268 3155 verisimile
1332 3089 1496 3154 mihi
1560 3089 1827 3156 videtur
1884 3090 2197 3157 lenonem
2253 3093 2473 3176 antea,
2539 3095 2619 3157 ut
2682 3109 2755 3158 se

551 3227 905 3294 procurare
951 3212 1195 3293 posset,
1245 3227 1362 3291 per
1408 3211 1812 3291 trapezitam
1858 3210 2105 3292 aliquid
2152 3212 2550 3278 vendidisse.

646 3332 900 3398 Verum
961 3330 1088 3395 alio
1148 3347 1406 3412 quoque
1465 3330 1604 3397 loco
1670 3331 1899 3397 decem
1961 3332 2302 3399 minarum
2349 3333 2428 3398 fit
2475 3334 2749 3413 menti0,

550 3471 834 3536 quarum
893 3453 1064 3517 ratio
1125 3469 1260 3518 non
1309 3451 1617 3531 congruit
1662 3470 1820 3518 cum
1866 3452 2015 3519 aliis
2062 3453 2321 3520 fabulae
2364 3454 2545 3521 lociS.
2593 3454 2751 3520 Ver-

551 3575 737 3641 sibus
783 3575 962 3640 enim
1010 3574 1141 3639 343
1189 3592 1288 3656 sq.
1339 3573 1644 3641 Curculio
1681 3564 2175 3643 Phaedromum
2214 3577 2566 3643 certiorem
2590 3577 2752 3642 facit

551 3713 624 3763 se
694 3694 980 3761 militem
1047 3695 1386 3762 audivisse
1455 3700 1848 3762 narrantem
1916 3715 1988 3764 se
2057 3698 2136 3763 de
2203 3698 2439 3764 lenone
2508 3698 2751 3763 emisse

555 3818 922 3905 „virginem
991 3817 1295 3897 Triginta
1362 3818 1590 3895 miniS,
1661 3822 1947 3900 vestem,
2017 3835 2295 3900 aurum3
2368 3822 2437 3885 et
2508 3837 2626 3901 pro
2693 3820 2752 3884 is

545 3941 775 4006 decem
843 3939 1247 4005 coaccedunt
1316 3939 1602 4005 minae'’.
1675 3939 1900 4005 Huius
1969 3940 2176 4020 igitur
2231 3940 2356 4006 loci
2418 3940 2747 4006 rationem

548 4061 608 4129 si
653 4060 1000 4142 habemuS,
1048 4060 1345 4143 pretium
1413 4064 1522 4126 est
1570 4061 2013 4143 quadraginta
2074 4061 2413 4127 minarum
2431 4082 2447 4142 ;
2508 4062 2750 4128 ceteris

546 4185 780 4249 autem
818 4182 980 4249 locis
1017 4183 1100 4248 de
1124 4183 1407 4264 triginta
1432 4183 1777 4250 minarum
1799 4184 2012 4264 pretio
2036 4201 2255 4249 sermo
2277 4187 2421 4250 est:
2463 4202 2564 4250 vs.
2593 4186 2746 4261 492,

550 4303 701 4385 535,
750 4305 904 4369 666.
953 4304 1039 4369 Et
1088 4304 1259 4369 hanc
1305 4305 1388 4370 ob
1435 4322 1579 4389 rem
1627 4310 1696 4371 et
1746 4307 1825 4371 ob
1882 4305 2288 4391 „orationem
2338 4305 2747 4386 pessimam”

547 4424 805 4492 Ussmo
850 4443 950 4491 vs.
999 4425 1128 4490 344
1159 4425 1371 4515 delet.
1421 4426 1520 4492 At
1563 4426 1670 4493 illo
1717 4427 1933 4493 deleto
1973 4442 2174 4491 versu
2222 4443 2435 4507 neque
2471 4444 2572 4493 vs.
2610 4426 2747 4513 345
