3459 5300
1733 552 1817 616 72

857 736 980 818 Qui
1029 735 1416 804 mendacem
1462 738 1534 801 et
1571 735 1949 819 gloriosum,
1993 733 2170 816 apud
2211 733 2554 800 Cloacinae
2592 750 2876 802 sacrum.

855 859 1031 925 Ditis
1077 859 1434 925 damnosos
1480 857 1763 923 maritos
1808 857 1935 922 sub
1980 855 2251 922 basilica
2296 855 2615 937 quaerito.

855 980 1110 1046 Ibidem
1172 983 1375 1045 erunt
1422 981 1642 1045 scorta
1688 979 1953 1044 exoleta
1996 977 2241 1060 quique
2288 977 2595 1059 stipulari
2640 977 2877 1054 solent,

857 1102 1324 1185 Symbolarum
1373 1100 1720 1167 collatores
1766 1099 1942 1181 apud
1987 1099 2205 1165 forum
2254 1097 2634 1179 piscarium.

677 1223 809 1292 475
856 1224 935 1289 In
981 1223 1120 1289 foro
1168 1222 1399 1288 infimo
1445 1221 1600 1287 boni
1645 1220 1949 1286 homines
1996 1223 2198 1300 atque
2244 1219 2416 1284 dites
2462 1219 2828 1304 ambulant,

856 1345 936 1410 In
984 1344 1199 1410 medio
1246 1347 1516 1425 propter
1561 1340 1881 1417 canalem,
1928 1341 2019 1406 ibi
2066 1343 2517 1407 ostentatores
2562 1341 2762 1421 meri3

857 1466 1282 1534 Confidentes
1325 1464 1699 1546 garrulique
1745 1467 1817 1530 et
1861 1461 2167 1529 malevoli
2216 1480 2420 1543 supra
2461 1461 2703 1545 lacum,

859 1589 982 1670 Qui
1029 1586 1222 1652 alteri
1267 1585 1347 1650 de
1394 1584 1599 1652 nihilo
1643 1585 1962 1651 audacter
2013 1584 2247 1650 dicunt
2292 1584 2765 1650 contumeliam

860 1710 946 1775 Et
989 1709 1102 1792 qui
1147 1707 1277 1790 ipsi
1325 1709 1436 1773 sat
1481 1707 1732 1773 habent
1779 1705 1952 1788 quod
1989 1706 2057 1770 in
2099 1722 2172 1770 se
2212 1721 2371 1770 vere
2406 1705 2620 1787 possit
2660 1706 2879 1772 dicier.
2914 1682 2919 1686 ⁵

682 1832 816 1896 480
863 1830 1000 1897 Sub
1064 1799 1428 1905 ueteribuS,
1490 1828 1580 1893 ibi
1644 1830 1809 1895 sunt
1872 1827 1985 1909 qui
2044 1826 2207 1892 dant
2256 1826 2499 1909 quique
2544 1826 2883 1908 accipiunt

736 1921 742 1928 ⁸
2478 1948 2785 2028 [faenore.
2954 1919 2975 1942 ⁸

859 2074 1039 2140 Pone
1099 2071 1336 2138 aedem
1382 2073 1692 2157 castoria
1745 2072 1836 2138 ibi
1884 2075 2050 2138 sunt
2094 2072 2319 2138 subito
2364 2072 2607 2154 quibus
2652 2070 2881 2138 credas

2564 2194 2780 2272 [male.

858 2291 936 2382 In
964 2297 1179 2382 Tusco
1205 2315 1371 2397 vico,
1398 2315 1489 2380 ibi
1513 2319 1677 2380 sunt
1701 2316 2009 2381 homines
2032 2316 2145 2396 qui
2169 2315 2298 2396 ipsi
2324 2331 2471 2380 sese
2497 2315 2877 2391 venditant,

859 2438 937 2502 In
985 2437 1268 2504 Velabro
1328 2435 1433 2502 vel
1481 2437 1803 2516 pistorem
1850 2436 1956 2501 vel
2003 2435 2257 2502 lanium
2302 2436 2411 2502 vel
2456 2435 2878 2522 haruspicem

863 2559 986 2625 Vel
1032 2559 1146 2641 qui
1192 2557 1322 2640 ipsi
1370 2561 1649 2624 vortant
1695 2558 1800 2622 vel
1841 2558 1954 2638 qui
1992 2557 2140 2622 aliis
2178 2561 2256 2623 ut
2297 2561 2655 2624 vorsentur
2700 2574 2882 2640 prae-

2537 2682 2785 2759 [beant.

683 2801 813 2868 485
861 2803 1036 2868 Ditis
1090 2804 1448 2868 damnosos
1494 2801 1775 2867 maritos
1819 2802 1995 2883 apud
2040 2799 2441 2868 Leucadiam
2487 2803 2787 2884 Oppiam.

861 2922 988 2989 Sed
1049 2923 1322 2989 interim
1384 2922 1558 2989 fores
1611 2940 1959 3004 crepuere:
2018 2923 2281 3004 linguae
2330 2923 2880 2990 moderandumst

1879 3026 1882 3030 ’
2576 3045 2784 3122 [mihi.

773 3166 1004 3232 Plures
1048 3166 1117 3231 in
1167 3165 1272 3231 his
1319 3165 1626 3232 versibus
1671 3166 1912 3231 insunt
1956 3165 2403 3232 difficultates.
2451 3165 2595 3231 Iam
2644 3166 2879 3232 statim

681 3289 956 3355 secundi
1026 3304 1266 3353 versus
1336 3288 1551 3370 prima
1621 3305 1759 3354 vox
1820 3288 2070 3353 multas
2137 3288 2299 3354 viris
2360 3288 2570 3354 doctis
2629 3289 2884 3370 peperit

680 3410 1042 3477 molestias.
1116 3408 1333 3474 Meras
1404 3425 1620 3489 nugas
1686 3410 1757 3474 in
1828 3424 1987 3475 voce
2056 3408 2557 3489 interpretanda
2620 3412 2883 3476 veteres

679 3532 999 3615 praebent
1054 3530 1497 3610 grammatici.
1562 3530 1669 3595 Sic
1724 3530 1983 3595 Nemus
2027 3548 2091 3611 p.
2147 3531 2293 3615 120,
2346 3531 2387 3595 8
2433 3530 2638 3596 habet
2680 3532 2874 3597 haec:

689 3654 1200 3740 „halophantam
1264 3654 1345 3717 ut
1403 3652 1893 3735 sycophantam
1940 3652 2291 3718 hominum
2330 3669 2543 3731 genus
2588 3670 2878 3735 nequam

681 3776 854 3858 quod
899 3775 980 3841 ob
1027 3774 1282 3840 suenda
1328 3773 1674 3839 mendacia
1713 3774 2088 3840 miserrima
2128 3774 2429 3840 mercede
2468 3774 2879 3841 conducitur.

681 3896 997 3962 Plautus:
1047 3896 1480 3992 ‘halofantam
1518 3898 1640 3962 aut
1678 3897 2165 3978 sycophantam
2206 3896 2421 3976 magis
2456 3912 2603 3961 esse
2642 3896 2880 3962 dicam’

681 4021 752 4083 et
835 4018 1004 4084 alius
1081 4017 1452 4083 nobilitatis
1536 4019 1855 4084 obscurae
1929 4017 2424 4098 ‘halophantam
2492 4017 2880 4084 mendacem

681 4140 999 4221 velim”';
1049 4140 1305 4203 Fusrus
1352 4139 1543 4204 Pauli
1589 4157 1651 4220 p.
1708 4141 1853 4223 101,
1910 4140 2027 4204 18:
2085 4139 2502 4225 „Halapanta
2548 4139 2881 4218 significat

683 4261 907 4327 omnia
965 4260 1408 4326 mentientem
1461 4262 1543 4326 ab
1591 4277 1668 4326 eo
1715 4262 1889 4341 quod
1935 4260 2118 4325 halet
2164 4261 2407 4326 omnia.
2452 4255 2652 4331 “Amr
2700 4259 2878 4325 enim

685 4383 919 4452 Graeci
979 4380 1086 4454 τὴν
1149 4380 1411 4464 πλάνην,
1474 4382 1540 4446 id
1604 4384 1711 4447 est
1775 4381 2135 4466 fallentem,
2197 4379 2624 4463 appellant”.·
2651 4382 2881 4463 Neque
