3459 5300
1581 594 1665 662 73

521 778 886 860 posteriore
933 780 1232 858 tempore
1279 794 1414 875 vox
1461 775 1703 842 melius
1749 773 2082 857 explicata
2125 776 2253 840 est.
2296 773 2530 840 Oitabo
2567 771 2727 840 SAL-

522 917 709 966 uAsn
762 900 1272 966 annotationem
1329 898 1399 964 in
1462 898 1771 964 editione·
1818 897 2307 964 Gnonovmm:
2378 898 2597 982 „recte
2658 911 2731 961 se

520 1021 724 1087 habet
769 1020 1217 1104 Halophanta.
1271 1019 1420 1085 Non
1469 1020 1799 1102 reperitur
1838 1023 2071 1085 tamen
2108 1019 2233 1084 hoc
2270 1033 2516 1083 nomen
2554 1015 2730 1099 apud

523 1141 827 1226 GraecOS,
887 1142 1002 1208 sed
1048 1142 1286 1208 fictum
1331 1145 1436 1208 est
1483 1160 1526 1209 a
1569 1142 1840 1217 comico,
1892 1144 1972 1206 ut
2017 1139 2178 1206 olim
2223 1140 2392 1206 bene
2439 1137 2733 1220 Scaliyer

519 1264 802 1348 censuit,
846 1264 931 1329 ab
970 1262 1203 1329 habitu
1250 1264 1525 1329 marino.
1567 1261 1993 1342 Ἀλοφάντης,
2020 1264 2102 1327 ut
2126 1259 2519 1340 συκοφάντης
2527 1306 2729 1326 ......

521 1383 885 1464 ἁλοφάντης
949 1384 1336 1451 maritimus
1385 1387 1495 1450 est
1542 1384 1958 1468 sycophanta
2002 1400 2159 1449 cum
2205 1382 2438 1449 habitu
2487 1380 2730 1448 thalas-

521 1488 722 1573 sico'’.
778 1506 879 1572 At
923 1523 1103 1573 nunc
1147 1521 1317 1588 quae
1359 1503 1484 1572 loci
1529 1506 1622 1572 sit
1669 1506 2029 1582 festivitaS,
2076 1504 2422 1571 intellectu
2468 1501 2732 1568 difficile

520 1631 646 1694 est.
708 1628 935 1695 Etiam
996 1626 1252 1692 frustra
1308 1626 1587 1693 facetias
1640 1643 1883 1708 quaero
1929 1627 1998 1693 in
2044 1627 2509 1708 explicatione,
2559 1639 2731 1706 quae

524 1750 726 1816 datur
813 1749 886 1814 in
980 1748 1344 1815 &nonomen
1431 1748 1675 1814 Lexico
1693 1795 1710 1824 ‚
1820 1748 2133 1830 quamvis
2226 1748 2317 1814 sit
2404 1747 2726 1830 simplex:

530 1870 954 1958 „ciaocpdv-tnc,
1005 1870 1302 1938 scherzh.
1344 1888 1478 1937 von
1533 1870 1819 1937 Plautus
1875 1872 2045 1936 nach
2099 1869 2494 1949 συκοφάντης
2537 1866 2729 1949 gebil·

525 1994 656 2078 det‚
683 1994 825 2061 also
863 1994 987 2074 eig.
1028 1993 1090 2058 d.
1117 1983 1429 2073 Angebe'r
1467 1992 1583 2059 der
1604 2009 1815 2072 gegen
1841 1993 1961 2059 das
1989 1993 2243 2059 Verbot
2266 1990 2414 2057 Salz
2440 1989 2728 2056 Ausfuh·

525 2114 810 2196 renden;
857 2115 989 2198 dh.,
1029 2113 1160 2182 wie
1198 2114 1631 2198 sycophanta,
1664 2115 1841 2180 ubtr.
1871 2143 1952 2168 =
1979 2112 2332 2195 Hallunke,
2362 2111 2727 2178 Schurke”.

616 2235 1000 2303 Admodum
1067 2238 1445 2302 contortam
1513 2236 1838 2318 longeque
1898 2236 2278 2318 quaesitam
2337 2235 2731 2315 interpreta-

527 2357 783 2423 tionem
826 2357 1239 2437 excogitavit
1285 2357 1559 2424 Ussme.
1601 2357 1836 2438 Aeque
1876 2373 1953 2422 ac
1993 2355 2329 2422 Sestiana
2370 2371 2600 2422 vocem
2644 2353 2729 2420 ad

528 2477 818 2559 speciem
878 2495 1200 2560 personae
1245 2478 1661 2545 referendam
1707 2496 1858 2545 esse
1903 2480 2136 2560 putat;
2187 2495 2320 2544 non
2368 2480 2599 2542 autem
2644 2475 2728 2541 ad

530 2600 752 2666 totum
796 2598 1106 2666 habitum
1126 2620 1141 2681 ;
1191 2615 1352 2665 nam
1405 2600 1787 2686 „parasitus
1831 2617 1966 2666 non
2013 2601 2283 2676 nautae,
2330 2599 2447 2665 sed
2493 2597 2727 2664 militis

524 2722 646 2785 aut
715 2720 980 2787 caculae
1047 2737 1402 2803 personam
1461 2722 1790 2805 induerat,
1857 2738 1980 2788 nec
2042 2739 2226 2787 mare
2285 2739 2402 2804 pro
2459 2721 2728 2787 nautico

525 2841 760 2907 habitu
819 2842 949 2908 dici
1010 2842 1304 2908 debuit”.
1372 2842 1601 2909 Refert
1663 2845 1938 2908 tantum
1991 2844 2075 2908 ad
2122 2842 2362 2924 capitis
2409 2842 2727 2921 tegimen·

525 2966 694 3047 tum,
744 2963 938 3044 quod,
990 2980 1145 3029 cum
1192 2964 1530 3045 parasitus
1571 2981 1840 3045 peregre
1881 2964 2109 3030 venire
2148 2965 2458 3047 fingatur,
2486 2980 2729 3029 causea

525 3084 748 3151 fuerit.
797 3085 991 3151 Hanc
1036 3085 1141 3151 vir
1185 3084 1422 3151 doctus
1469 3088 1737 3168 poetam
1786 3102 2205 3167 comparasse
2251 3088 2484 3151 censet
2535 3102 2728 3171 „cum

527 3208 703 3283 orbe,
765 3207 880 3287 qui
932 3207 1132 3272 lunae
1178 3206 1459 3287 aliisque
1505 3206 1718 3272 stellis
1761 3207 2102 3273 interdum
2150 3207 2727 3284 circumfunditur,
2788 3274 2795 3280 ,

524 3345 725 3410 quem
782 3327 1016 3395 Graeci
1078 3330 1187 3402 τὴν
1249 3325 1379 3391 ἅλω
1446 3328 1823 3395 dicebant’'.
1889 3330 1990 3395 Ne
2049 3330 2173 3394 hoc
2235 3329 2502 3411 quidem
2558 3346 2725 3395 com-

524 3453 833 3517 mentum
880 3451 1154 3531 dignum
1204 3451 1472 3518 videtur
1515 3450 1689 3531 quod
1734 3452 1907 3516 serio
1952 3450 2393 3517 confutemus.

615 3573 655 3639 J
658 3590 881 3639 01111111(
910 3571 959 3656 ¹)
1005 3573 1376 3638 arbitratur
1422 3573 1709 3655 priorem
1758 3572 1944 3639 vocis
1982 3576 2244 3655 partem
2283 3573 2569 3639 fortasse
2607 3572 2724 3637 La·

523 3695 744 3760 tinam
804 3711 988 3760 esse:
1059 3693 1217 3781 „das
1263 3694 1465 3759 Wort
1511 3711 1703 3759 musz
1751 3694 1899 3759 eine
1942 3694 2461 3773 augenblicklich
2494 3674 2725 3758 ’6111111-

407 3886 412 3893 ,
523 3814 687 3881 dene
743 3815 1016 3881 Parodie
1061 3814 1186 3881 auf
1222 3817 1590 3897 sucopanta
1635 3814 1983 3881 enthalten
2033 3814 2169 3879 und
2215 3814 2307 3879 ist
2354 3814 2425 3879 in
2470 3814 2723 3880 seinem

520 3940 748 4002 ersten
810 3937 996 4005 Theil
1059 3937 1608 4014 wahrscheinlich
1672 3936 2089 4001 lateinisch”.
2161 3936 2384 4001 Huius
2439 3933 2726 4016 vestigia

522 4073 835 4139 premens
897 4058 1269 4123 anmucn
1293 4055 1348 4141 ²)
1413 4074 1650 4123 verum
1714 4057 2084 4137 repperisse
2146 4057 2270 4123 sibi
2333 4057 2524 4123 visus
2579 4060 2722 4123 est:
2812 4139 2823 4153 Ι

598 4360 653 4428 1)
691 4356 791 4411 Die
827 4356 1089 4411 Parabase
1121 4356 1196 4412 im
1235 4356 1496 4412 Curculio.
1535 4355 1762 4411 Hermes
1799 4355 1925 4422 XV,
1960 4375 2012 4429 p.
2050 4358 2171 4411 125.

598 4446 652 4513 2)
691 4444 791 4499 Die
824 4443 1084 4499 Parabase
1115 4444 1188 4499 im
1219 4443 1462 4500 Curculio
1487 4444 1579 4499 des
1599 4442 1834 4500 Plautus,
1856 4443 2009 4498 Neue
2027 4443 2357 4499 Jahrbiicher
2375 4445 2504 4501 1891
2532 4464 2583 4517 p.
2604 4447 2725 4501 709.
