3459 5300
1537 582 1623 647 45

479 766 678 832 Koon
705 764 790 850 ¹):
871 767 1339 832 lacrumarum
1420 767 1663 832 merito
1742 766 2096 834 damnavit
2175 769 2579 834 Bonormnmz
2604 769 2679 849 2).

483 886 659 953 Nam
725 903 811 951 ex
879 885 986 952 illo
1059 887 1388 972 „lippiunt
1453 886 1679 953 fauces
1744 887 1965 953 fame''
2026 888 2245 954 elucet
2306 890 2682 970 parasitum

487 1010 652 1075 vitia
695 1009 1034 1075 oculorum
1079 1010 1444 1076 transferre
1491 1011 1574 1075 ad
1620 1026 1736 1075 eas
1783 1010 2073 1091 corporis
2109 1014 2355 1093 partes,
2396 1028 2681 1092 quarum

483 1132 554 1196 in
598 1131 849 1197 edendo
894 1131 1155 1196 utimur
1201 1125 1416 1212 opera.
1467 1132 1647 1198 Voce
1692 1136 1927 1198 autem
1974 1150 2145 1214 quae
2190 1136 2299 1200 est
2345 1135 2682 1200 lacrumae

484 1251 741 1317 nullum
821 1253 1147 1318 vitium
1230 1253 1571 1319 oculorum
1647 1253 2003 1320 indicatur.
2104 1255 2389 1321 Omnino
2474 1255 2682 1334 igitur

483 1375 683 1456 probo
744 1375 1177 1440 Bosonnnnm
1235 1391 1662 1456 mamm-um,
1727 1393 1900 1456 quae
1961 1392 2116 1451 vox,
2171 1375 2484 1458 quamvis
2531 1351 2699 1441 nus?

482 1512 689 1576 quam
749 1495 905 1560 alibi
967 1495 1142 1577 apud
1205 1496 1523 1561 Plautum
1584 1497 1865 1576 legatur,
1927 1497 2165 1563 merito
2213 1516 2254 1563 a
2296 1498 2442 1564 viro
2490 1497 2680 1564 docto

482 1619 716 1699 poetae
776 1617 1121 1684 vindicata
1179 1635 1326 1684 esse
1388 1618 1676 1683 videtur.
1724 1617 2023 1684 Plurium
2070 1620 2252 1685 enim
2298 1619 2682 1700 grammati-

480 1754 708 1804 corum
784 1738 1178 1804 testimonia
1237 1739 1465 1805 affert:
1528 1737 1700 1805 Non.
1771 1741 1930 1803 119:
2002 1739 2334 1826 „gramiae
2384 1719 2681 1821 'pituitae

480 1859 842 1926 oculorum.
892 1859 1251 1926 Caecilius:
1296 1861 1767 1940 ‘grammonsis
1812 1861 2019 1927 oculis
2055 1862 2222 1942 ipsa,
2248 1862 2489 1927 atratis
2527 1861 2679 1927 den-

479 1980 684 2046 tibus’
707 1979 766 2046 ”.
830 1982 1042 2048 PAUL.
1108 1985 1227 2048 96:
1298 1983 1631 2070 „gramiae
1677 1983 2018 2049 oculorum
2067 1987 2231 2049 sunt
2274 1984 2461 2068 vitia,
2510 2000 2679 2065 quas

479 2101 591 2167 alii
653 2103 911 2182 glamas
956 2104 1268 2170 vocant’n
1331 2105 1737 2170 Pmmxmm
1792 2121 2061 2189 „grama
2109 2104 2345 2178 λήμη”.
2393 2105 2679 2171 Psntmo—

479 2239 777 2289 ornan:
829 2224 1036 2308 ηλήμη
1086 2222 1380 2304 grama”.
1430 2225 1688 2312 Attulit
1726 2228 2069 2306 praeterea
2108 2225 2276 2292 Plin.
2311 2222 2468 2292 Nat.
2496 2226 2680 2291 Hist.

482 2343 714 2419 XXV,
770 2344 931 2410 155:
986 2347 1358 2432 „crethmos
1396 2346 1616 2426 agrios
1646 2346 1939 2425 gramias
1964 2347 2111 2424 (alii
2132 2345 2291 2411 libri
2314 2347 2679 2428 ‘aremiasff

482 2464 660 2529 tollit
719 2468 1060 2532 oculorum
1120 2468 1545 2549 impositus”.
1617 2467 1712 2533 Cf.
1778 2467 1986 2532 etiarn
2047 2467 2317 2533 PLAon).
2378 2486 2440 2550 p.
2508 2469 2675 2534 467:

491 2589 794 2674 „gramis
866 2589 1136 2688 gremis,
1205 2607 1376 2671 quae
1445 2592 1608 2659 sunt
1678 2589 1964 2671 pituitae
2032 2589 2437 2657 oculorum”.
2499 2589 2679 2673 Quae

481 2712 712 2775 autem
771 2712 1003 2795 forma,
1065 2729 1342 2794 yramae
1401 2730 1487 2777 an
1547 2713 1806 2793 ylamae
1865 2711 1972 2790 (cf.
2035 2710 2288 2777 Graeca
2336 2712 2675 2795 γλαμυρός,

480 2832 778 2911 γλάμων)
833 2850 922 2898 an
966 2836 1269 2914 qramiae
1322 2852 1408 2899 an
1455 2835 1749 2915 premiae
1796 2850 1955 2899 vera
1999 2837 2201 2915 esset,
2252 2852 2464 2916 neque
2510 2836 2680 2901 Bon-

481 2970 823 3021 oHELnRos
868 2955 1115 3020 statuit
1160 2972 1372 3037 neque
1419 2972 1538 3034 ego
1583 2956 1655 3019 in
1701 2955 1905 3020 ullam
1949 2960 2212 3036 partem
2258 2956 2548 3037 disputo,

543 3076 715 3156 .Qua
774 3077 1234 3143 emendatione
1290 3079 1556 3158 recepta
1601 3080 1833 3141 tamen
1881 3093 1962 3141 ne
2009 3094 2189 3142 nunc
2235 3076 2502 3159 quidem
2548 3096 2679 3144 om-

480 3198 594 3263 nia
652 3198 724 3261 in
788 3197 1126 3277 integrum
1188 3198 1457 3263 redacta
1517 3213 1668 3263 esse
1721 3213 1974 3261 censeo.
2048 3196 2222 3262 Nam
2269 3198 2550 3264 eandem
2600 3200 2683 3265 ob

483 3336 776 3399 causam,
847 3336 1052 3399 quare
1123 3319 1283 3384 illud
1351 3335 1761 3400 yramarum
1823 3317 2043 3400 probo,
2108 3319 2415 3399 sequenti
2480 3335 2683 3385 versu

480 3439 800 3505 librorum
847 3441 1049 3506 lassis
1095 3438 1604 3521 improbandum
1651 3454 1801 3503 esse
1845 3438 2150 3504 arbitror.
2220 3439 2445 3504 Etiam
2492 3457 2683 3506 voca-

485 3561 621 3627 buli
683 3563 959 3627 lactibus
1018 3561 1363 3643 epitheton
1423 3558 1683 3641 aliquod
1744 3558 2025 3639 requiro,
2073 3559 2246 3639 quod
2292 3561 2550 3641 proprie
2596 3562 2679 3627 ad

480 3681 704 3747 oculos
747 3682 1100 3763 pertineat.
1151 3680 1379 3761 Neque
1426 3679 1659 3743 dubito
1704 3678 1868 3759 quin
1916 3679 2121 3743 luscis
2168 3681 2260 3745 sit
2301 3680 2675 3761 legendum.

572 3804 829 3870 Verum
897 3821 1099 3885 quam
1169 3802 1313 3868 vim
1384 3801 1490 3865 hic
1551 3800 1752 3865 habet
1813 3802 1959 3866 ita?
2022 3801 2276 3867 Notum
2336 3807 2444 3867 est
2506 3803 2678 3869 hanc

478 3924 874 4004 particulam
938 3941 1136 4007 saepe
1196 3922 1493 3989 adhiberi
1554 3920 2041 4002 significatione
2100 3923 2349 3988 causali
2376 3922 2449 4007 ³),
2502 3925 2673 4007 quod

551 4244 609 4312 1)
643 4243 865 4298 Emend.
901 4243 1078 4298 Plaut.
1113 4262 1164 4315 p.
1204 4242 1332 4298 VII.

552 4332 610 4398 2)
651 4328 992 4385 Rheinisohes
1027 4330 1270 4385 Museum
1311 4328 1542 4397 XXXV,
1577 4346 1626 4397 p.
1666 4330 1735 4382 72
1771 4345 1848 4397 sq.

552 4417 608 4485 3)
651 4415 768 4469 Vid.
807 4417 1112 4503 praesertim
1147 4416 1385 4469 Lmen«
1421 4412 1700 4484 ‘Beitriige’
1743 4430 1794 4482 p.
1834 4413 1935 4467 231
1973 4431 2081 4485 sqq.
