3459 5300
1547 593 1629 661 61

678 780 876 846 deum
927 780 1274 867 precabor,
1337 782 1414 844 ut
1473 797 1725 845 sanum
1778 797 1882 844 me
1927 780 2166 845 reddat
2179 803 2206 861 ;
2254 781 2370 847 ubi
2403 800 2702 864 puerum

679 919 909 985 emero,
983 903 1143 968 data
1211 918 1413 983 opera
1478 919 1582 966 mc
1640 901 2021 983 procurabo
2035 924 2063 982 ,·
2133 901 2239 967 hio
2290 913 2473 985 puer
2532 905 2705 971 mihi

670 1025 1055 1107 prospicere
1099 1023 1276 1090 debet
1319 1026 1396 1089 ut
1441 1041 1551 1089 res

769 1147 964 1212 Nunc
1011 1145 1178 1211 mihi
1223 1147 1615 1227 quaeratur:
1664 1162 1835 1210 usus
1879 1148 1989 1211 est
2033 1144 2335 1227 pecunia.

592 1267 713 1334 Vs.
762 1268 892 1333 382
955 1266 1209 1333 inserui
1271 1269 1513 1343 autern,
1571 1266 1747 1348 quod
1796 1265 1940 1348 (per
1983 1265 2344 1346 ligaturam
2390 1267 2705 1334 scribitur

501 1390 614 1475 au)
659 1393 820 1455 ante
863 1390 1151 1471 aliquem
1197 1389 1524 1454 excidisse
1570 1391 1874 1455 statuere
1917 1406 2051 1455 non
2088 1393 2194 1454 est
2234 1390 2701 1473 temerarium;

500 1510 683 1594 Lyco
744 1511 1043 1577 nondum
1104 1510 1342 1576 statim
1404 1526 1672 1592 parcere
1733 1511 1976 1593 potest,
2038 1511 2197 1592 quia
2255 1528 2475 1578 emere
2520 1513 2705 1593 cupit

503 1650 806 1714 puerum.

593 1895 694 1942 vs.
744 1875 874 1941 386
924 1892 1066 1956 sqq.
1125 1874 1450 1951 CurculiO,
1496 1877 1857 1956 postquam
1904 1891 1977 1939 se
2028 1876 2194 1940 bene
2240 1875 2556 1957 explevit,
2606 1879 2703 1942 ta-

502 1997 689 2065 bellis
750 1999 886 2063 iam
947 1997 1378 2077 consignatis,
1439 2012 1526 2061 ex
1577 1996 1974 2063 Phaedromi
2017 1997 2294 2062 aedibus
2339 1997 2573 2080 prodit,
2625 2003 2702 2064 ut

501 2119 853 2186 consilium
899 2121 1357 2200 persequatur.
1404 2116 1617 2183 Veste
1656 2116 1932 2183 militari
1957 2118 2237 2184 indutus
2259 2121 2385 2200 est,
2412 2118 2701 2186 alterum

501 2241 769 2307 oculum
812 2241 1020 2306 fascia
1065 2239 1433 2319 obligatum
1476 2239 1700 2305 habet.
1749 2238 2118 2321 Postquam
2152 2239 2358 2305 etiam
2384 2239 2701 2306 nonnulla

504 2363 708 2427 verba
765 2362 848 2429 ad
909 2362 1395 2426 Phaedromum
1459 2361 1639 2425 intro
1694 2361 2017 2426 clamavit
2064 2360 2145 2425 ad
2191 2360 2702 2439 significandum

502 2485 728 2549 omnia
772 2485 940 2550 bene
985 2485 1314 2548 eventura
1358 2498 1527 2558 esse,
1576 2481 1739 2547 haec
1785 2497 2014 2547 secum
2057 2481 2383 2563 loquitur:

683 2603 924 2687 Edepol
971 2621 1055 2669 ne
1100 2619 1221 2683 ego
1267 2603 1374 2669 hic
1424 2602 1574 2669 med
1620 2601 1813 2669 intus
1860 2603 2123 2684 explevi
2169 2604 2392 2685 probe,

681 2728 770 2792 Et
813 2727 1083 2810 quidem
1130 2724 1362 2807 reliqui
1409 2725 1480 2789 in
1525 2728 1767 2790 ventre
1812 2725 2011 2791 cellae
2057 2726 2177 2791 uni
2220 2725 2461 2803 locum,

682 2849 818 2915 Ubi
865 2848 1294 2930 reliquiarum
1342 2847 1656 2929 reliquias
1703 2822 2145 2913 reconderem.

596 2971 880 3037 Miratur
923 2970 1189 3035 80111*Αο
1221 2966 1287 3052 ¹),
1335 2968 1546 3052 „quod
1591 2985 1791 3035 nemo
1835 2969 2249 3050 perspexerit
2295 2988 2397 3037 vs,
2425 2971 2554 3038 387
2603 2989 2702 3054 sq.

505 3111 636 3159 non
683 3097 844 3175 apte
889 3092 1364 3158 antecedentes
1409 3090 1781 3171 excipere”.
1842 3090 2321 3176 „Exspectares
2341 3092 2401 3156 :'’
2449 3093 2548 3158 ait
2600 3096 2707 3179 „et

506 3213 739 3297 reliqui
801 3214 870 3279 in
930 3217 1170 3279 ventre
1229 3231 1312 3278 ne
1375 3211 1574 3279 cellae
1634 3211 1754 3277 uni
1818 3212 2083 3294 quidem
2142 3211 2362 3278 10011111
2409 3214 2523 3279 ubi
2570 3214 2709 3279 reli·

502 3335 812 3416 quiarum
882 3333 1192 3415 reliquias
1261 3333 1702 3414 reconderem,
1776 3334 1883 3398 vel
1944 3334 2003 3398 si
2062 3351 2215 3399 011111
2266 3334 2434 3400 Gaio
2481 3335 2569 3418 (1,
2622 3336 2706 3400 67

502 3456 659 3538 quia
705 3472 790 3521 ne
836 3455 1103 3538 quidem
1152 3454 1321 3521 civis
1368 3456 1714 3521 Romanus
1761 3457 1887 3521 est.
1940 3454 2001 3532 3,
2052 3455 2137 3519 93
2183 3459 2261 3521 ut
2310 3475 2396 3523 ne
2438 3456 2704 3539 quidem

503 3577 573 3642 in
629 3576 956 3643 Graecum
1005 3594 1424 3643 sermonem.
1458 3625 1473 3642 .
1504 3622 1563 3639 ..
1612 3576 1873 3657 proprie
1919 3576 2269 3643 transferri
2315 3578 2555 3661 possit)
2605 3579 2709 3644 ‘ne

504 3696 794 3781 quidem’
858 3699 1258 3778 coniungere
1301 3698 1564 3763 liceret:
1613 3697 1714 3763 Ne
1760 3697 2027 3780 quidem
2075 3698 2306 3781 reliqui
2351 3700 2419 3765 in
2470 3705 2707 3767 ventre

505 3818 706 3885 cellae
752 3820 875 3885 uni
917 3820 1138 3885 locum
1185 3819 1358 3884 etc.”

598 3940 780 4022 Quod
825 3958 945 4007 cur
991 3941 1519 4021 exspectandum
1560 3957 1709 4005 esse
1748 3942 1946 4021 putet
1986 3939 2275 4018 Sonus,
2317 3958 2450 4007 11011
2476 3942 2700 4026 video;

506 4062 714 4129 immo
784 4062 948 4128 mihi
1019 4063 1284 4145 quidem
1357 4061 1572 4141 magis
1640 4062 1920 4142 parasiti
1983 4062 2251 4127 Videtur
2311 4064 2518 4130 etiam
2576 4065 2702 4131 loci

502 4182 851 4265 paululum
898 4184 1286 4265 relinquere.
1336 4183 1424 4248 Et
1462 4182 1632 4264 quod
1675 4181 1885 4247 Gaius
1925 4202 2008 4248 ne
2046 4184 2311 4265 quidem
2333 4186 2699 4269 coniunxit,

575 4438 631 4504 1)
669 4436 702 4491 l.
740 4436 772 4493 l.
811 4456 862 4509 p.
901 4439 984 4492 10.
