3459 5300
1816 551 1897 614 12

757 724 1130 793 multorum
1191 731 1568 813 verborum,
1631 750 1799 814 quae
1860 733 2221 815 posteriore
2280 736 2504 799 aetate
2559 734 2962 815 deponentia

755 852 968 932 erant,
1049 851 1331 918 formam
1407 856 1703 921 activam
1776 874 2155 938 usurpasse.
2236 857 2491 922 Tamen
2559 874 2958 939 magnopere

671 1015 679 1024 .
753 986 1002 1048 vereor,
1051 991 1133 1039 ne
1176 974 1313 1042 Lao
1361 984 1591 1043 nostro
1637 979 1777 1044 loco
1824 996 2061 1045 verum
2111 997 2243 1044 non
2291 980 2555 1053 viderit,
2605 997 2738 1044 non
2781 980 2956 1060 quod

753 1093 1036 1160 molesta
1081 1098 1245 1163 mihi
1294 1099 1386 1163 sit
1431 1102 1616 1166 verbi
1662 1101 2041 1167 moderandi
2087 1102 2301 1166 forma
2347 1101 2588 1181 activa,
2640 1101 2756 1166 sed
2800 1101 2954 1183 quia

656 1261 660 1266 ι
751 1216 907 1298 quid
950 1218 1043 1282 sit
1080 1238 1147 1284 se
1184 1221 1532 1286 moderare
1568 1223 1973 1288 immodestis
2011 1223 2309 1288 moribus
2336 1240 2605 1304 prorsus
2629 1240 2737 1289 me
2750 1224 2948 1288 latet.

754 1340 938 1420 Quod
987 1341 1045 1406 si
1093 1341 1221 1407 dici
1266 1343 1399 1408 ullo
1444 1345 1637 1410 modo
1683 1349 1927 1426 potest,
1978 1345 2348 1425 significare
2394 1345 2715 1410 nimirum
2757 1345 2951 1411 debet

751 1461 952 1525 colere
995 1462 1409 1528 immodestos
1457 1482 1674 1530 mores
1720 1465 1828 1547 (cf.
1879 1465 2028 1531 Cas.
2078 1466 2235 1548 963)
2255 1486 2270 1545 ;
2322 1466 2435 1530 sed
2478 1465 2644 1535 mihi
2682 1459 2950 1546 quidem

749 1581 910 1674 illud
949 1600 1083 1648 non
1119 1583 1438 1650 Latinum
1479 1586 1765 1651 videtur.
1808 1564 2085 1652 Accedit
2125 1587 2297 1668 quod
2330 1588 2535 1652 etiam
2561 1587 2952 1652 adverbium

751 1703 858 1768 hic
898 1705 1258 1770 molestum
1298 1707 1462 1773 mihi
1503 1711 1629 1774 est.
1671 1708 1743 1774 Si
1781 1713 1963 1775 esset
2003 1727 2265 1792 sanum,
2310 1708 2779 1791 explicandum
2808 1711 2953 1774 erat

751 1827 826 1890 in
889 1826 1012 1891 hac
1058 1844 1150 1892 re.
1202 1829 1457 1895 Verum
1504 1830 1625 1894 hoc
1672 1832 1897 1912 ipsum
1944 1849 1983 1896 a
2029 1828 2357 1911 Palinur0,
2408 1831 2651 1912 quippe
2697 1832 2811 1910 qui
2856 1831 2955 1895 ira

750 1947 1214 2016 inflammatus
1275 1952 1386 2029 sit,
1433 1953 1708 2019 omnino
1770 1952 2063 2017 alienum
2124 1955 2263 2032 est;
2329 1970 2489 2018 nam
2551 1952 2609 2016 si
2670 1952 2951 2017 diceret:

759 2068 1030 2154 „hocine
1089 2072 1232 2138 fieri
1291 2076 1361 2138 te
1420 2074 1505 2138 in
1569 2074 1723 2140 hac
1786 2091 1871 2139 re
1925 2074 2363 2139 immodestos
2409 2073 2617 2139 colere
2668 2071 2951 2148 mores‚''

752 2191 1136 2257 concederet
1184 2193 1668 2261 Phaedromum
1715 2196 1955 2261 ceteris
1999 2196 2071 2259 in
2109 2196 2307 2260 rebus
2346 2195 2725 2260 modestum
2767 2210 2950 2275 esse;

753 2312 926 2393 quod
987 2315 1340 2380 concedere
1398 2317 1676 2382 minime
1720 2318 1829 2382 est
1875 2317 2192 2397 iracundi,
2242 2334 2403 2381 nam
2448 2315 2751 2385 homines
2797 2315 2954 2380 irati

752 2434 822 2498 in
870 2434 1018 2514 illis,
1069 2437 1308 2517 quibus
1357 2441 1774 2531 succensent,
1809 2439 1963 2504 boni
2011 2435 2176 2502 nihil
2222 2453 2574 2516 agnoscere
2620 2435 2855 2500 solent.

841 2555 1154 2621 Proxime
1213 2557 1288 2621 in·
1347 2574 1546 2622 versu
1600 2559 2015 2623 emendando
2060 2559 2142 2623 ad
2189 2558 2547 2623 veritatem
2595 2557 2954 2622 accessisse

754 2678 919 2742 mihi
963 2680 1226 2745 videtur
1265 2680 1474 2761 BR1x;
1513 2696 1633 2761 ego
1670 2698 1929 2762 quoque
1966 2684 2042 2747 ut
2082 2699 2164 2746 ne
2202 2680 2659 2747 necessarium
2695 2696 2954 2754 censeo,

755 2800 966 2866 scribo
1013 2804 1266 2867 autem
1291 2802 1421 2868 sic:

934 2923 1190 2989 Hocine
1237 2925 1382 2990 fieri
1429 2926 1509 2989 ut
1555 2924 1950 2991 inmodestis
1996 2942 2096 2990 ne
2146 2924 2506 2989 modereris
2555 2923 2885 2989 moribus!

844 3043 951 3109 hic
995 3048 1220 3110 ortum
1259 3050 1423 3125 puto
1461 3062 1546 3111 ex
1583 3045 1825 3112 ultima
1863 3046 2118 3128 syllaba
2157 3045 2459 3112 vocabuli
2498 3042 2954 3127 praecedentis

753 3166 1158 3231 immodestis
1179 3256 1182 3259 ἡ
1206 3170 1276 3233 et
1323 3169 1380 3231 te
1426 3170 1819 3248 corruptum
1865 3186 1950 3233 ex
1998 3185 2097 3232 ne.

849 3427 951 3474 vs.
1001 3410 1131 3474 203
1179 3427 1316 3491 sqq.

935 3529 1062 3623 H„
1119 3532 1300 3597 Bene
1350 3530 1516 3612 vale,
1567 3531 1752 3597 ocule
1801 3532 1912 3614 mi,
1962 3548 2123 3595 nam
2166 3531 2467 3597 sonitum
2512 3535 2581 3595 et
2626 3531 2952 3610 crepitum

2136 3650 2599 3731 [claustrorum
2646 3650 2859 3732 audiO‚

936 3776 1303 3841 Aedituum
1344 3776 1598 3857 aperire
1639 3775 1908 3841 fanum:
1949 3790 2311 3854 quousque,
2353 3789 2617 3853 quaeSO,
2656 3772 2739 3836 ad
2777 3773 2954 3836 hunc

2569 3894 2863 3971 [modum

933 4018 1120 4084 Inter
1166 4037 1287 4085 nos
1335 4036 1558 4084 amore
1604 4020 1878 4083 utemur
1924 4032 2184 4098 semper
2230 4015 2669 4095 surrepticio‘?

843 4141 1027 4206 Haec
1087 4142 1291 4206 verba
1336 4158 1468 4206 non
1513 4140 1597 4206 ab
1643 4140 1828 4204 omni
1873 4142 2063 4219 parte
2110 4154 2277 4203 sana
2322 4153 2470 4201 esse
2517 4136 2953 4202 manifestum

752 4266 878 4327 est.
927 4262 1101 4327 Nam
1141 4279 1548 4343 quamquam
1586 4262 1837 4343 optime
1874 4258 2240 4350 separatim
2276 4258 2403 4322 dici
2442 4260 2698 4337 potest:
2746 4258 2955 4343 „soni-

753 4390 905 4449 tum
963 4386 1034 4446 et
1095 4383 1422 4462 crepitum
1470 4380 1915 4448 claustrorum
1962 4380 2202 4446 audio''
2248 4383 2452 4460 atque
2503 4379 2737 4457 „audio
2784 4380 2952 4444 aedi-
