3459 5300
1799 564 1885 628 82

741 742 956 808 multo
1001 742 1230 824 aptius
1276 744 1400 826 est,
1450 743 1764 824 quoniam
1812 743 1986 830 Livii
2034 746 2258 810 aetate
2302 759 2474 825 pone
2520 742 2745 807 Novas
2790 743 2937 806 erat

741 862 1008 930 basilica
1087 863 1394 931 Aemilia.
1474 863 1726 931 Censeo
1793 880 1945 945 ergo
2015 864 2447 946 argentarias,
2519 879 2691 944 quae
2759 860 2937 925 Livii

737 987 964 1050 aetate
1025 985 1254 1051 Novae
1325 985 1849 1067 appellabantur,
1900 985 2235 1068 superiore
2304 1001 2480 1051 anno
2548 984 2937 1050 combustas

737 1124 798 1173 a.
861 1104 992 1173 545
1053 1106 1337 1174 refectas
1397 1125 1546 1174 esse
1605 1109 1811 1190 atque
1872 1109 1955 1174 ab
2018 1125 2093 1173 eo
2148 1108 2301 1173 inde
2361 1110 2660 1188 tempore
2708 1106 2935 1172 Novas

737 1244 886 1294 esse
939 1227 1174 1310 dictaS,
1203 1229 1536 1311 porticum
1581 1232 1813 1295 autem
1867 1247 2023 1294 cum
2064 1229 2147 1295 iis
2195 1230 2621 1295 coniunctam
2669 1230 2939 1309 propter

737 1349 1158 1431 splendorem
1203 1369 1244 1416 a
1280 1352 1519 1432 populo
1556 1365 1800 1417 nomen
1838 1352 2167 1433 accepisse
2206 1350 2535 1416 basilicae.
2586 1349 2936 1415 Traditum

736 1471 1004 1553 quidem
1043 1489 1375 1555 nusquam
1413 1477 1520 1539 est
1557 1473 1740 1539 illam
1779 1473 2110 1554 porticum
2149 1473 2394 1539 ceteris
2428 1471 2938 1554 splendidiorem

734 1593 967 1671 fuisse,
1029 1595 1146 1660 sed
1206 1596 1379 1676 quod
1425 1595 1632 1661 etiam
1679 1593 1833 1660 alibi
1879 1595 2187 1661 videmus
2233 1593 2606 1660 aedificium
2652 1591 2935 1674 aliquod,

735 1718 1092 1796 postquam
1139 1715 1442 1783 incendio
1485 1716 1811 1783 haustum
1858 1719 1980 1797 est,
2032 1716 2440 1798 splendidius
2485 1713 2685 1790 refici,
2728 1715 2789 1779 id
2831 1713 2937 1778 hic

733 1852 998 1918 quoque
1041 1836 1297 1903 factum
1344 1854 1492 1904 esse
1542 1837 1865 1919 suspicari
1913 1854 2048 1902 non
2092 1840 2200 1903 est
2243 1835 2699 1902 temerarium.
2740 1835 2935 1900 Nunc
3031 1825 3035 1836 '

733 1957 943 2022 etiam
988 1957 1384 2038 intelligitur
1428 1959 1698 2025 Livium
1747 1959 1816 2025 in
1864 1959 2244 2025 narratione
2282 1956 2361 2024 de
2400 1956 2669 2024 basilica
2707 1955 2935 2021 Porcia

731 2081 1074 2148 aedificata
1138 2081 1529 2163 simpliciter
1588 2080 1846 2147 factum
1900 2081 2026 2147 hoc
2086 2095 2455 2146 memorare
2502 2094 2717 2160 neque
2761 2077 2932 2159 quic-

730 2218 935 2283 quam
996 2201 1235 2268 addere
1295 2202 1377 2267 de
1439 2202 1584 2267 eius
1648 2218 1779 2268 usu
1840 2201 1947 2266 vel
1996 2201 2301 2292 nomine:
2350 2197 2621 2265 basilica
2667 2217 2740 2265 se
2786 2199 2933 2280 ipsa

731 2325 1194 2403 procreaverat
1245 2339 1622 2405 nomenque
1678 2322 2005 2401 originem
2052 2324 2353 2388 traxerat
2398 2337 2484 2386 ex
2530 2336 2642 2385 ore
2690 2319 2928 2402 populi,

729 2447 800 2508 et
863 2445 1236 2529 nominum,
1300 2462 1471 2526 quae
1535 2443 1687 2509 inde
1750 2443 2111 2524 fluxerunt,
2159 2441 2341 2521 origo
2398 2475 2465 2487 -
2519 2441 2695 2506 haud
2741 2441 2931 2508 aliter

729 2565 800 2630 in
846 2565 1166 2631 hodierna
1209 2567 1437 2646 lingua
1481 2583 1555 2632 se
1600 2582 1709 2632 res
1759 2565 1960 2631 habet
2017 2601 2078 2610 -
2137 2581 2268 2630 non
2316 2562 2624 2629 traditur.

820 2687 1164 2771 Videmus,
1222 2707 1426 2772 quam
1473 2706 1820 2771 perperam
1870 2688 2067 2753 multi
2110 2687 2240 2752 viri
2285 2686 2461 2751 docti
2511 2689 2780 2766 propter
2826 2686 2931 2751 ba-

728 2810 950 2876 silicae
1034 2812 1448 2877 mentionem
1532 2828 1807 2876 versum
1878 2808 2007 2877 472
2076 2808 2313 2873 Plauto
2378 2806 2926 2873 abiudicaverint.
2992 2848 2997 2853 -

727 2934 998 2999 Praeter
1044 2934 1222 2999 hunc
1269 2951 1562 2999 versum·
1582 2933 1854 2999 basilica
1893 2931 2099 2996 etiam
2139 2931 2702 2995 commemoratur
2739 2928 2925 3010 Capt.

727 3055 860 3121 815
904 3055 974 3133 ¹),
1043 3056 1159 3120 ubi
1231 3055 1704 3122 subbasilicani
1773 3053 2173 3120 foetidorum
2240 3052 2525 3133 piscium
2595 3052 2790 3117 odore
2856 3050 2925 3116 in

724 3178 942 3243 forum
999 3177 1177 3259 abigi
1237 3179 1588 3260 dicuntur3
1651 3177 1761 3243 hic
1823 3192 2081 3258 quoque
2143 3174 2347 3254 igitur
2409 3175 2681 3255 proinde
2724 3177 2926 3255 atque

725 3304 954 3365 nostro
1023 3299 1164 3365 loco
1233 3298 1502 3366 basilica
1572 3298 2001 3377 coniungitur
2072 3313 2221 3361 curn
2286 3296 2423 3361 foro
2487 3295 2785 3377 piscari0,
2848 3299 2926 3360 ut

722 3421 892 3488 alter
952 3437 1190 3491 versus
1252 3422 1541 3488 alterum
1606 3419 1974 3486 sustentet.
2039 3417 2221 3497 Quod
2280 3419 2512 3481 autem
2563 3417 2926 3481 arbitratur

723 3542 1005 3609 Hiinsnu
1028 3541 1104 3623 ²),
1157 3544 1272 3625 qui
1334 3542 1751 3609 Curculionis
1799 3555 2133 3619 scaenam,
2183 3537 2264 3604 de
2308 3555 2441 3619 qua
2485 3537 2727 3618 agitur,
2778 3554 2925 3618 spu-

721 3666 890 3731 riam
951 3670 1203 3742 censet‚
1265 3666 1700 3748 Captivorum
1765 3680 2056 3744 versum,
2108 3677 2243 3726 non
2290 3660 2577 3725 Romam
2625 3662 2926 3741 spectare

721 3784 900 3871 („die
946 3786 1212 3869 Captivi
1262 3787 1510 3869 spielen
1560 3786 1728 3853 doch
1778 3784 1965 3850 nicht
2011 3783 2082 3847 in
2132 3783 2335 3862 Rom3
2384 3781 2520 3846 und
2569 3779 2761 3845 sollte
2805 3780 2925 3845 das

719 3908 1102 3986 Publikum,
1172 3909 1281 3976 fiir
1347 3912 1469 3976 das
1538 3910 1823 3975 Plautus
1894 3907 2075 3972 seine
2138 3903 2389 3969 Stiicke
2450 3901 2727 3976 schrieb,
2775 3901 2924 3967 eine

719 4029 1136 4111 Anspielung
1205 4030 1390 4096 nicht
1462 4031 1870 4097 verstanden
1933 4026 2166 4109 haben,
2234 4024 2385 4090 weil
2448 4024 2544 4089 sie
2606 4023 2749 4089 sich
2810 4023 2931 4089 auf

789 4241 846 4313 1)
882 4241 1007 4296 Non
1044 4240 1324 4296 defuerunt
1359 4240 1450 4312 qui
1486 4241 1624 4296 hunc
1661 4255 1868 4312 quoque
1904 4254 2111 4292 versum
2149 4232 2475 4290 damnarent.
2507 4232 2716 4305 Optime
2744 4236 2918 4288 autem

717 4344 837 4382 eum
875 4327 1110 4383 defendit
1145 4326 1374 4383 Joanm
1413 4328 1634 4383 Hermes
1669 4325 1799 4395 XV,
1835 4343 1886 4396 p.
1926 4324 2029 4378 133
2067 4340 2143 4395 sq.

790 4414 845 4481 2)
885 4413 1166 4470 Romische
1203 4412 1613 4487 Mittheilungen
1653 4410 1819 4480 VIII,
1852 4430 1906 4484 p.
1944 4410 2067 4465 283.
