3459 5300
1823 575 1951 639 160

789 743 1116 832 auxilium
1177 746 1351 814 ferat
1418 754 1547 828 (vs.
1615 751 1810 837 696);
1871 755 2095 835 potius
2157 754 2394 818 verba:
2457 753 2812 838 „quidquid
2861 757 2984 837 est,

791 864 934 946 ipse
978 865 1103 933 ibit
1150 868 1418 948 potius'’
1466 876 1627 954 apta
1670 878 1836 940 sunt
1872 875 1956 940 ad
1994 867 2228 942 auxilii
2269 889 2457 955 spem
2498 874 2560 940 ei
2595 874 2986 941 faciendam.

886 986 1003 1051 Vs.
1075 989 1204 1053 697
1276 992 1785 1060 condemnatum
1857 1014 1987 1062 non
2050 1012 2246 1076 posse
2307 995 2566 1060 defendi
2628 996 2984 1078 existumo,

795 1109 910 1174 sed
969 1127 1088 1177 suo
1152 1111 1294 1177 iure
1356 1116 1800 1183 substituisse
1861 1119 2324 1183 indemnatum
2395 1117 2588 1182 Pum.
2683 1117 2991 1197 Queritur

789 1230 940 1297 leno
988 1236 1117 1309 (vs.·
1167 1234 1325 1318 695)
1375 1253 1447 1301 se
1501 1238 1998 1305 indemnatum
2035 1239 2265 1320 abripi.
2305 1239 2539 1304 Nonne
2579 1253 2848 1302 necesse
2883 1238 2989 1302 est

790 1355 1175 1420 statuamus
1220 1355 1601 1424 Planesium
1656 1361 1934 1427 fratrem
1985 1361 2348 1438 obsecrare,
2389 1375 2474 1425 ne
2517 1376 2674 1424 eum
2721 1358 2988 1423 indem-

798 1483 1039 1542 natum
1085 1479 1371 1558 perdat?

888 1740 990 1788 vs.
1057 1722 1180 1787 711
1248 1741 1389 1806 sqq.
1453 1725 1671 1806 Negat
1734 1726 1880 1793 leno
1946 1744 2018 1793 se
2079 1728 2466 1810 promisisse
2518 1729 2872 1807 argentum
2922 1741 2996 1790 se

796 1845 1214 1911 redditurum
1251 1863 1416 1930 esse,
1446 1848 1656 1929 siquis
1698 1849 2028 1930 virginem
2060 1849 2308 1915 libemli
2331 1866 2541 1914 manu
2563 1848 3000 1915 asseruisset:

1480 1967 1619 2033 CA.
1684 1969 1867 2049 Nego
1928 1971 2145 2037 hercle
2191 1988 2368 2036 vero.
2411 1987 2540 2050 quo
2599 1967 3000 2051 praesente?

2415 2092 2572 2173 [quo
2611 2091 2683 2155 111
2719 2089 2908 2156 loco?

803 2211 932 2277 712
984 2211 1125 2275 ΤΗ.
1174 2210 1281 2276 Μο
1325 2211 1471 2291 ipso
1509 2197 1860 2292 praesente
1899 2216 1970 2278 et
1992 2213 2259 2296 Lycone
2296 2213 2646 2294 tarpezita.
2686 2211 2823 2276 CA.
2849 2210 2998 2277 Non

2650 2334 2909 2413 [taces‘?

808 2452 937 2517 713
988 2453 1129 2518 ΤΗ.
1181 2453 1330 2520 Non
1377 2457 1583 2522 taceo.
1634 2455 1772 2521 CA.
1821 2457 1968 2522 Non
2014 2473 2134 2537 ego
2180 2461 2250 2523 te
2296 2457 2480 2524 flocci
2524 2456 2718 2540 facio,
2770 2475 2856 2522 ne
2893 2473 2998 2522 me

2594 2578 2904 2658 [territes.

812 2692 939 2761 714
988 2696 1128 2761 ΤΗ.
1214 2697 1318 2761 Μο
1394 2699 1539 2779 ipso
1621 2703 1976 2781 praesente
2060 2704 2130 2767 et
2213 2701 2478 2784 Lycone
2547 2701 2804 2766 factum
2875 2701 2995 2764 est.

1554 2827 1561 2836 “
2085 2822 2248 2902 [ΡΗ.
2298 2824 2480 2889 Satis
2526 2823 2717 2888 credo
2765 2822 2911 2887 tibi.

899 2940 1221 3007 Versibus
1271 2943 1399 3008 712
1438 2945 1509 3008 et
1549 2945 1676 3010 713
1717 2946 1774 3009 Β
1797 2946 2173 3025 praemittit
2197 2947 2549 3027 personam
2573 2944 3005 3019 CurculioniS‚

809 3067 1012 3144 atque
1077 3080 1176 3128 vs.
1242 3064 1371 3131 713
1418 3064 1565 3130 libri
1610 3066 1941 3131 omittunt
1986 3067 2256 3148 signum
2299 3066 2558 3131 lenonis
2602 3070 2672 3130 et
2719 3082 2819 3130 vs.
2873 3063 3000 3131 714

801 3183 1380 3265 Therapontigoni.

899 3306 1221 3373 Gmrus
1280 3325 1381 3373 vs.
1450 3307 1577 3373 712
1626 3326 1721 3391 sq.
1773 3310 2052 3391 delevit3
2100 3312 2306 3376 etiam
2353 3310 2651 3375 RmBnoK
2678 3305 2730 3392 1)
2774 3307 2840 3371 111
2884 3304 2991 3370 his

806 3429 1113 3495 versibus
1175 3429 1696 3511 dittographiam
1755 3432 2110 3512 agnovisse
2159 3432 2285 3497 sibi
2331 3431 2521 3497 visus
2566 3433 2690 3495 est.
2741 3430 2992 3494 Verum

805 3568 938 3615 non
1008 3568 1109 3616 vs.
1184 3552 1311 3616 712
1382 3568 1478 3633 sq.
1552 3526 1776 3633 delet(
1825 3553 1938 3617 sed
1998 3571 2098 3618 vs.
2166 3555 2294 3619 714
2358 3554 2596 3617 verba:
2663 3568 2812 3637 „me
2854 3550 2998 3630 ipso

803 3674 1155 3753 praesente
1199 3674 1271 3736 et
1314 3673 1580 3755 Lycone
1630 3672 2020 3738 factumst'’.
2067 3674 2420 3738 Praeterea
2464 3672 2698 3737 collato
2737 3688 2842 3735 vs.
2872 3668 2998 3734 568

796 3791 1081 3858 libenter
1140 3793 1331 3859 reicit
1393 3812 1495 3859 vs.
1570 3794 1697 3859 713
1750 3796 1986 3859 verba:
2047 3812 2172 3879 „ne
2218 3810 2328 3860 me
2373 3789 2709 3872 territes”,
2765 3791 2890 3875 „da
2930 3791 3002 3871 ja

802 3914 998 3980 keine
1035 3915 1429 3995 eigentliche
1466 3916 2095 3997 Einschiichterung
2135 3916 2476 3997 vorliegt”.
2519 3916 2711 3979 Tum.
2738 3932 2839 3979 vs.
2870 3913 2998 3979 712

804 4051 953 4120 „me
1012 4035 1155 4116 ipso
1216 4038 1567 4117 praesente
1631 4040 1700 4101 et
1762 4037 2027 4119 Lycone
2091 4036 2464 4119 tarpezita”
2511 4053 2643 4101 non
2691 4035 2995 4117 militem,

798 4156 914 4222 sed
964 4156 1422 4223 Curculionem
1469 4157 1853 4239 loquentem
1896 4158 2076 4223 facit.
2117 4158 2463 4224 Postremo
2504 4156 2742 4221 verba:
2790 4153 2999 4240 „satis

874 4414 931 4484 1)
968 4413 1003 4469 l.
1039 4417 1073 4470 1.
1112 4432 1162 4486 p.
1200 4416 1267 4469 98
1304 4431 1381 4485 sq.
