3459 5300
1565 595 1651 658 43

503 791 790 855 quorum
836 775 1141 856 alterum,
1191 777 1308 859 Ep.
1361 777 1489 842 229
1537 794 1701 858 sqq„
1752 777 2056 858 spurium
2101 793 2251 842 esse
2290 762 2461 841 satis
2500 775 2705 840 mani-

502 894 755 961 festum
823 898 935 974 sit,
1007 897 1089 963 de
1157 899 1368 964 altero
1439 902 1689 980 autem,
1759 899 1955 965 Most.
2023 899 2151 963 274
2214 915 2377 978 sqq„
2427 896 2704 961 minime
2806 957 2815 968 ,

502 1018 682 1083 idem
729 1019 821 1084 sit
871 1020 1329 1095 statuendum,
1379 1037 1536 1086 cum
1590 1021 1843 1103 optime
1889 1021 2241 1088 contextui
2284 1019 2658 1085 conveniat.

593 1141 932 1207 Ultimum
993 1142 1138 1206 eius
1199 1146 1676 1222 argumentum
1742 1143 1865 1208 hoc
1926 1145 2068 1208 est:
2130 1155 2561 1223 quaecunque
2624 1140 2706 1204 de

503 1263 800 1329 Graecis
837 1263 1146 1329 dicantur
1208 1264 1424 1329 multo
1480 1265 1696 1343 magis
1741 1264 1812 1329 in
1860 1264 2217 1348 posterius·
2242 1267 2513 1344 tempus
2560 1279 2707 1328 con-

501 1385 730 1451 venire
795 1402 999 1466 quam
1071 1386 1142 1450 in
1213 1384 1621 1450 Plautinum.
1701 1386 1885 1466 Quod
1954 1386 2231 1451 minime
2302 1384 2444 1449 viro
2512 1383 2705 1450 docto

501 1507 818 1587 concedo;
884 1523 1044 1572 nam
1107 1523 1194 1571 ex
1243 1505 1407 1587 ipsis
1455 1505 1678 1572 Plauti
1724 1506 1967 1573 fabulis
2012 1509 2287 1589 apparet
2334 1505 2705 1572 necessario

501 1627 958 1708 accipiendum
1004 1627 1196 1693 nobis
1243 1643 1392 1692 esse
1433 1643 1751 1706 magnam
1790 1627 2033 1694 saltem
2072 1630 2527 1709 spectatorum
2565 1643 2703 1709 par-

505 1751 646 1814 tem
710 1747 958 1814 Graece
1007 1748 1326 1828 scivisse;
1375 1749 1548 1829 quod
1596 1749 1728 1814 nisi
1775 1750 1874 1814 ita
1916 1751 2115 1832 esset,
2168 1749 2385 1814 multa
2430 1765 2564 1813 non
2612 1747 2704 1812 in·

503 1868 962 1948 tellexissent;
1034 1873 1236 1950 atque
1307 1869 1366 1934 si
1440 1869 1637 1934 multi
1709 1869 1999 1934 Romani
2070 1868 2320 1935 Graece
2382 1869 2704 1944 sciebant,

501 1991 804 2071 sequitur
882 1993 962 2056 ut
1030 1993 1181 2056 tum
1253 1993 1577 2073 temporis
1645 1992 1897 2056 Romae
1964 1993 2196 2057 essent
2264 1990 2515 2073 Graeci,
2589 1990 2704 2071 qui

501 2110 800 2190 linguam
871 2127 1067 2176 suam
1128 2110 1462 2177 docerent.
1527 2111 1766 2178 Nescio
1829 2112 2054 2194 igitur,
2119 2129 2208 2176 an
2270 2115 2502 2177 nostro
2564 2111 2703 2178 loco

503 2233 718 2312 magis
774 2233 868 2297 sit
913 2233 1345 2312 cogitandum
1391 2233 1472 2297 de
1516 2219 1792 2299 Graecis
1837 2233 2395 2314 praeceptoribus,
2444 2233 2559 2313 qui
2604 2249 2706 2297 sa

500 2354 825 2434 pientiam
866 2371 1062 2435 suam
1101 2355 1406 2419 venalem
1446 2355 1785 2419 habebant
1822 2357 2027 2435 atque
2064 2354 2134 2418 in
2175 2353 2286 2418 via
2320 2353 2704 2419 hominibus

502 2475 1087 2554 praetereuntibus
1135 2475 1500 2541 offerebant
1545 2476 1650 2556 (cs.
1692 2493 1795 2540 vs.
1838 2476 1961 2541 291
2008 2476 2282 2540 obstant
2314 2476 2701 2554 obsistunt),

501 2595 855 2679 pulchrum
899 2597 1393 2679 honestumque
1439 2614 1587 2664 6666
1634 2598 1850 2663 multa
1889 2599 2057 2665 scire
2094 2597 2352 2679 aliaque
2375 2597 2706 2664 eiusmodi

503 2719 874 2785 clamantes
913 2719 1016 2797 (cf.
1063 2737 1255 2805 „cum
1297 2720 1440 2786 suis
1478 2718 1907 2799 sententiis'’)
1930 2737 2134 2801 quam
2158 2720 2238 2785 de
2263 2718 2702 2801 philosophis3

503 2844 745 2907 notum
811 2842 991 2905 enim
1053 2845 1160 2907 est
1223 2841 1548 2908 Graecam
1609 2841 2095 2923 philosophiam
2158 2844 2446 2909 Romam
2503 2843 2703 2907 intro-

503 2963 777 3029 ductam
822 2979 971 3029 esse
1017 2964 1145 3029 dici
1193 2981 1234 3028 a
1279 2963 1616 3029 Carneade
1661 2964 1953 3042 Diogene
2001 2963 2438 3045 Critolaoque‚
2478 2964 2595 3045 qui
2640 2982 2701 3029 a.
2768 3046 2775 3053 .

507 3062 634 3151 155
679 3087 764 3151 ab
811 3086 1345 3151 Atheniensibus
1388 3086 1596 3167 legati
1642 3087 1929 3151 Romam
1978 3086 2170 3151 missi
2209 3089 2436 3166 erant;
2478 3103 2702 3167 quam-

499 3225 704 3289 quam
769 3224 854 3271 ne
917 3224 1003 3271 ex
1062 3208 1188 3272 hac
1233 3207 1502 3288 quidem
1547 3224 1619 3272 re
1665 3206 1837 3272 effici
1884 3207 2080 3271 debet
2125 3224 2261 3272 non
2308 3207 2443 3272 iam
2488 3208 2702 3274 multo

499 3332 660 3395 ante
707 3328 995 3395 Graecos
1043 3328 1468 3409 philosophos
1517 3329 1744 3393 minus
1790 3327 2044 3393 nobiles
2091 3329 2345 3393 Romae
2390 3328 2618 3393 fuisse.

590 3452 758 3533 Quid
807 3468 962 3531 ergo
1005 3450 1168 3516 facit
1216 3450 1489 3515 Gomz‘?
1534 3449 1898 3515 Abiudicat
1942 3450 2182 3516 Plauto
2216 3450 2433 3516 locum
2456 3454 2536 3516 ut
2559 3451 2702 3533 ipse

497 3573 850 3655 profitetur
887 3588 1045 3637 vere
1083 3570 1498 3646 Plautinum,
1532 3570 1730 3652 idque
1754 3571 1927 3636 hanc
1950 3570 2297 3651 praecipue
2321 3572 2403 3636 ob
2426 3588 2703 3638 causam

497 3697 578 3759 ut
639 3697 982 3760 sustentet
1029 3709 1311 3774 pravam
1357 3710 1681 3758 versuum
1730 3694 1861 3758 299
1906 3710 2003 3775 sq.
2053 3693 2699 3775 interpretationem.

499 3815 812 3881 Nondum
887 3818 1119 3880 autem
1192 3813 1508 3895 cuiquam
1573 3830 1728 3879 eum
1796 3814 2213 3894 persuasisse
2283 3814 2420 3881 vidi
2489 3832 2701 3897 neque

500 3953 981 4016 persuasurum
1027 3954 1176 4002 6666
1221 3937 1496 4002 confido.

587 4059 752 4125 Post
813 4076 911 4140 ea,
977 4076 1146 4140 quae
1211 4058 1552 4139 disputavi
1615 4074 1748 4123 non
1811 4057 1947 4122 iam
2008 4073 2176 4138 opus
2224 4057 2389 4123 mihi
2433 4058 2702 4125 videtur

496 4179 598 4263 116,
671 4194 840 4261 quae
923 4180 1226 4261 disputat
1294 4182 1598 4246 Rmnucx
1640 4175 1708 4262 ¹),
1794 4179 2172 4245 immorari:
2255 4183 2456 4262 putat
2517 4182 2699 4247 enim

507 4336 586 4346 ..—

568 4438 627 4505 1)
663 4436 698 4491 l.
733 4435 768 4491 l.
807 4454 858 4507 p.
899 4434 965 4490 88
1001 4452 1078 4505 sq.
