3459 5300
1840 567 1927 630 30

867 742 1091 808 Etiam
1129 743 1405 822 cogitari
1448 748 1672 824 potest
1713 747 1797 811 de
1842 751 2027 833 „tam
2069 748 2199 814 etsi
2238 766 2370 814 non
2402 749 2725 828 operaest,
2754 745 2983 826 dab0‚’'

781 863 938 943 quia
977 863 1072 927 sic
1111 880 1219 928 me
1258 864 1470 930 iudice
1507 883 1640 931 non
1662 868 2073 934 invenustus
2096 869 2372 934 exsistit
2393 868 2585 933 lusus
2609 867 2982 932 verborum.

784 982 958 1048 Fieri
1019 987 1262 1065 potest,
1319 990 1398 1050 ut
1444 985 1683 1069 aliquis
1729 990 2211 1071 interpretandi
2260 1007 2461 1056 causa
2508 1005 2710 1070 supra
2755 1006 2988 1069 operae

658 1182 667 1189 ,
779 1104 1121 1185 scripserit
1159 1108 1267 1183 oti,
1309 1108 1481 1188 quod
1522 1126 1680 1174 vera
1723 1110 2007 1177 lectione
2045 1129 2084 1176 e
2120 1116 2317 1177 textu
2359 1111 2721 1176 exturbata
2757 1109 2987 1174 deinde

781 1233 1172 1308 corruptum
1218 1230 1309 1294 sit
1356 1230 1425 1294 in
1473 1232 1642 1295 novi.

876 1348 972 1413 De
1018 1349 1349 1416 locutione
1395 1369 1529 1416 non
1568 1370 1800 1434 operae
1842 1356 1937 1418 eet
1974 1354 2281 1421 videatur
2320 1355 2497 1419 Bmx
2534 1353 2618 1418 ad
2659 1352 2793 1418 Mil.
2836 1352 2984 1416 252.

881 1611 981 1658 vs.
1055 1595 1186 1658 260
1278 1613 1375 1676 sq.
1455 1595 1656 1675 Quid
1748 1596 2207 1680 somniaverit,
2302 1597 2448 1661 leno
2540 1595 2635 1660 sic
2719 1610 2988 1659 narrare

784 1714 1053 1797 incipit:

997 1901 1002 1906 .
1060 1838 1204 1902 Hac
1251 1840 1444 1902 nocte
1491 1837 1560 1901 in
1611 1839 1868 1902 somnis
1915 1839 2104 1906 visus
2152 1854 2306 1904 sum
2355 1837 2635 1922 viderier

1061 1958 1294 2023 Procul
1343 1957 1567 2023 sedere
1611 1958 1803 2038 longe
1848 1977 1888 2025 a
1934 1977 2043 2024 me
2089 1960 2583 2040 Aesculapium.

882 2080 1233 2144 LAMBmus
1288 2095 1388 2143 vs.
1441 2078 1569 2143 260
1615 2096 1733 2160 pro
1779 2081 2070 2146 viderier
2116 2081 2385 2163 scripsit
2431 2083 2700 2164 tuerier,
2758 2080 2989 2165 „scrip-

794 2205 987 2267 turae
1027 2201 1276 2265 veteris
1313 2201 1592 2266 obscura
1631 2202 1917 2280 vestigia
1958 2221 2114 2268 secu
2126 2203 2301 2268 tus.”
2329 2203 2427 2268 Ne
2450 2207 2682 2268 autem
2712 2200 2995 2288 „duplex

797 2322 1121 2400 verbum”
1149 2321 1395 2404 (videre
1431 2324 1502 2386 et
1533 2321 1748 2386 videri
1770 2323 1946 2388 inter
1978 2340 2050 2388 se
2074 2324 2330 2405 iuncta)
2357 2327 2729 2398 moveatur,
2758 2323 2995 2388 merito

797 2447 1024 2511 monet
1069 2443 1203 2510 Lno
1249 2443 1531 2508 laudans
1579 2443 1745 2523 Epid
1792 2446 1895 2519 62,
1950 2444 2147 2510 Most.
2199 2447 2346 2529 270,
2399 2446 2530 2509 820
2569 2445 2769 2527 (Rud.
2815 2444 2990 2527 255),

797 2568 942 2632 Ter.
1006 2565 1133 2630 Ad.
1192 2564 1324 2629 384
1342 2585 1357 2645 ;
1406 2565 1570 2645 ipse'
1597 2564 1981 2631 dubitanter
2025 2567 2287 2632 conicit*
2314 2567 2533 2631 videre
2578 2584 2703 2647 eqo.
2755 2565 2994 2631 Nescio

792 2692 1042 2767 autem,
1086 2703 1173 2752 an
1214 2686 1376 2751 nihil
1415 2686 1508 2751 sit
1546 2686 1971 2752 mutandum.
2028 2687 2257 2752 Videre·
2294 2688 2598 2767 iungitur
2634 2704 2787 2753 cum
2810 2704 2993 2753 accu-

794 2810 1015 2876 sativo
1060 2825 1116 2873 c.
1163 2808 1280 2872 inf.
1329 2808 1398 2872 in
1447 2807 1825 2887 fragmento
1865 2808 2063 2873 Ennii
2101 2809 2277 2889 apud
2317 2808 2446 2873 Cic.
2488 2809 2569 2873 de
2607 2808 2739 2874 div.
2779 2809 2831 2884 Ι,
2871 2809 2990 2873 42:

801 2933 1057 3018 „mater
1117 2929 1391 3009 gravida
1451 2944 1680 3010 parere
1739 2946 1827 2994 se
1885 2930 2236 2995 ardentem
2299 2930 2513 2995 facem
2574 2929 2721 2994 visa
2775 2933 2882 2995 est
2927 2928 2996 2993 in

799 3052 1056 3118 somnis
1101 3051 1442 3117 Hecuba.'’
1488 3051 1735 3140 Etiam·
1762 3052 1936 3133 apud
1985 3052 2301 3117 Plautum
2349 3053 2479 3117 duo
2525 3050 2775 3116 tradita
2834 3055 2999 3115 sunt

795 3173 1118 3254 exempla,
1184 3188 1420 3238 verum
1481 3173 1881 3238 coniecturis
1943 3190 1981 3237 e
2041 3176 2240 3238 textu
2288 3172 2585 3238 sublata:
2634 3175 2794 3236 sunt
2843 3168 2997 3235 Aul.

799 3298 965 3361 811:
1020 3312 1292 3380 „vocem
1339 3295 1445 3360 hic
1489 3296 1825 3376 loquentis
1870 3296 2065 3360 modo
2108 3312 2233 3360 me
2268 3295 2496 3361 audire
2534 3294 2725 3358 visus
2762 3289 2996 3371 sum;”

799 3418 918 3498 Ep.
976 3415 1136 3481 537:
1197 3416 1463 3502 „videor
1509 3416 1730 3482 nescio
1777 3416 1889 3481 ubi
1937 3434 2059 3481 me
2109 3417 2357 3481 vidisse
2404 3416 2590 3497 prius
2607 3414 2668 3490 ;''
2716 3418 2996 3494 utroque

796 3536 936 3601 loco
996 3553 1099 3599 me
1161 3538 1508 3600 mutatum
1563 3537 1670 3599 est
1717 3534 1787 3597 in
1836 3537 1949 3599 mi.
2000 3535 2126 3601 His
2175 3536 2379 3614 igitur
2424 3536 2583 3600 locis
2622 3539 2824 3615 atque
2858 3533 2997 3599 loco

797 3657 1102 3722 Enniano
1163 3655 1566 3735 comparatis
1628 3671 1712 3719 ne
1776 3658 2002 3720 nostro
2062 3656 2327 3737 quidem
2381 3656 2518 3721 loco
2565 3655 2993 3721 accusativus

794 3795 852 3843 c.
899 3778 1017 3842 inf.
1064 3777 1424 3859 quidquam
1470 3776 1712 3841 habere
1760 3777 2143 3842 offensionis
2190 3778 2473 3842 videtur.
2534 3777 2716 3857 Quod
2764 3778 2995 3841 autem

798 3900 945 3965 leno
1015 3915 1147 3964 non
1219 3897 1413 3993 dicit:
1485 3897 1713 3980 „visus
1776 3915 1927 3963 sum
1990 3898 2467 3979 Aesculapium
2532 3896 2823 3973 sedere‚’'
2886 3895 3000 3961 sed

805 4021 1037 4105 „visus
1083 4036 1239 4084 sum
1286 4016 1674 4081 viderier
1722 4019 2199 4100 Aesculapium
2248 4018 2541 4092 sedere‚’'
2591 4018 2655 4082 id
2704 4018 2857 4083 inde
2895 4034 3000 4082 ex·

799 4141 1178 4221 plicandum
1239 4141 1367 4211 est,
1429 4138 1607 4218 quod
1667 4139 2057 4206 dubitanter
2104 4145 2629 4220 cunctanterque
2675 4137 3001 4219 loquitur;

803 4280 963 4328 nam
1002 4258 1565 4344 quemadmodum
1595 4259 1897 4337 libenter,
1925 4266 2005 4327 ut
2034 4265 2139 4328 est
2163 4263 2232 4328 in
2258 4261 2622 4343 proverbio,
2650 4259 3000 4343 credimuS,

809 4383 980 4465 quod
1028 4383 1359 4456 volumus,
1408 4380 1504 4444 sic
1543 4382 1713 4462 quod
1754 4384 2019 4449 evenire
2058 4384 2372 4450 nolumus
2413 4382 2614 4447 inviti
2651 4381 3003 4446 credimus.
