3459 5300
1832 565 1918 629 48

769 744 917 809 108.
967 743 1278 823 Singulos
1324 742 1498 809 locos
1543 761 1586 808 a
1631 744 1875 810 Bnmo
1921 744 2158 811 allatos
2182 747 2487 810 tractans
2512 745 2969 811 demonstrare

765 867 1050 932 conabor
1107 881 1416 946 perverse
1479 865 1792 930 contendi
1854 869 2072 948 itaque
2133 866 2441 947 usurpari
2504 882 2621 947 pro
2684 866 2972 948 simplici

769 990 869 1054 ita
915 988 1188 1053 notione
1233 986 1516 1052 causali:

865 1110 983 1191 Ep.
1033 1111 1116 1174 81
1169 1126 1346 1190 sqq.:

1681 1231 1822 1311 Quo
1869 1231 1940 1296 in
1988 1231 2126 1297 loco
2171 1230 2334 1296 haec
2380 1248 2488 1296 res
2535 1230 2630 1297 sit
2674 1232 2881 1315 videS,

951 1353 1251 1435 Epidice:
1300 1352 1432 1418 nisi
1481 1352 1637 1433 quid
1685 1353 1753 1417 in
1809 1355 1949 1418 tete
1998 1352 2206 1418 auxili
2254 1355 2379 1435 est,
2428 1352 2836 1433 absumptus
2880 1370 2975 1419 es.

959 1475 1214 1540 Tantae
1252 1473 1321 1538 in
1360 1476 1429 1538 te
1468 1473 1860 1554 impendent
1900 1475 2166 1540 ruinae:
2194 1474 2323 1538 nisi
2347 1473 2647 1540 suffulcis
2668 1473 2972 1555 firmiter,

957 1596 1105 1662 Non
1140 1599 1332 1677 potes
1355 1596 1743 1678 subsistere,
1775 1596 1997 1678 itaque
2020 1596 2092 1661 in
2117 1599 2187 1660 te
2210 1597 2482 1662 inruont
2505 1601 2771 1663 montes
2794 1596 2974 1663 mali.

866 1719 1100 1800 Itaque
1137 1717 1243 1781 hic
1282 1716 1448 1781 nihil
1484 1716 1662 1781 aliud
1705 1721 1814 1782 est
1851 1734 2057 1798 quam
2094 1720 2153 1782 et
2174 1719 2301 1798 ἰείη
2330 1717 2499 1783 duae
2524 1721 2688 1784 sunt
2712 1735 2973 1801 causae,

777 1858 895 1907 cur
935 1839 1268 1921 Epidicus,
1309 1838 1422 1919 qui
1461 1854 1533 1902 se
1571 1838 1712 1920 ipse
1750 1838 2123 1922 alloquitur,
2166 1855 2238 1904 se
2278 1839 2718 1920 absumptum
2740 1841 2977 1922 ducat3

779 1963 1074 2044 primum
1137 1960 1307 2042 quod
1371 1963 1602 2025 tantae
1649 1960 1718 2024 in
1766 1960 1990 2041 ipsum
2037 1960 2469 2041 impendeant
2514 1962 2779 2044 ruinae3
2827 1965 2981 2028 tum

780 2085 954 2168 quod
1023 2085 1123 2149 ita
1188 2083 1463 2147 inruant
1536 2085 1801 2146 montes
1867 2081 2044 2146 mali.
2115 2082 2296 2163 Quae
2354 2082 2753 2164 interposita
2814 2089 2981 2150 sunt

790 2206 961 2294 „nisi
1018 2203 1314 2269 suffulcis
1372 2201 1676 2277 firmiter,
1743 2219 1874 2267 non
1936 2205 2126 2282 potes
2174 2203 2586 2269 subsistere’'
2635 2203 2759 2270 hoc
2806 2205 2987 2271 dicta

785 2331 948 2393 sunt
988 2343 1226 2392 sensu:
1274 2327 1392 2410 „ut
1437 2340 1570 2388 non
1617 2324 1837 2405 possis
1884 2324 2270 2401 subsistere,
2319 2325 2453 2390 nisi
2498 2325 2839 2391 suffulcias
2883 2326 2987 2391 fir·

787 2449 1052 2515 miter'’.

881 2571 1107 2638 Aulul.
1157 2572 1286 2634 412
1335 2587 1513 2651 sqq.:

1223 2668 1227 2673 ’
1921 2691 2068 2757 Scio
2113 2709 2317 2772 quam
2364 2709 2503 2757 rem
2554 2709 2815 2772 geram:
2867 2694 2989 2759 hoc

1808 2813 2008 2894 Ipsus
2055 2816 2379 2893 magister
2424 2814 2670 2880 docuit.

974 2938 1203 3019 Neque
1247 2936 1426 3016 ligna
1471 2951 1589 3014 ego
1636 2953 1925 3017 usquam
1973 2938 2279 3018 gentium
2325 2938 2623 3018 praeberi
2669 2937 2809 3002 vidi
2855 2937 2992 3019 pul-

2634 3060 2899 3141 [chriuS‚

970 3181 1202 3261 Itaque
1263 3180 1485 3246 omnis
1545 3182 1770 3262 exegit
1831 3181 2025 3264 forae,
2093 3198 2201 3247 me
2262 3186 2466 3263 atque
2518 3182 2659 3262 hos,
2710 3185 2993 3248 onustos

2562 3303 2898 3381 [fustibus

883 3427 1011 3491 Hic
1070 3442 1328 3507 quoque
1373 3426 1595 3505 itaque
1641 3424 1952 3504 intellego
1998 3428 2056 3489 et
2101 3426 2195 3491 ita
2242 3427 2445 3506 atque
2491 3426 2711 3506 itaque
2756 3425 2993 3506 incipit

790 3548 1220 3631 sententiam,
1287 3563 1456 3627 quae
1502 3547 1714 3625 figura
1761 3546 1885 3609 ἀπὸ
1935 3551 2123 3609 κοινοῦ
2171 3546 2721 3628 praecedentibus
2765 3546 2992 3610 adiun-

788 3673 990 3751 gitur.
1052 3670 1311 3735 Iudicat
1359 3667 1658 3748 Congrio,
1708 3668 1865 3749 quid
1915 3669 2233 3749 magister
2280 3668 2493 3732 facere
2540 3682 2612 3733 se
2658 3666 2988 3732 docuerit:

793 3793 1003 3879 „ita”
1049 3792 1148 3857 ait
1204 3807 1576 3877 „nusquam
1625 3790 1763 3854 vidi
1805 3789 2143 3870 pulchrius
2180 3789 2478 3871 praeberi
2519 3788 2699 3868 ligna
2737 3788 2992 3869 itaque

790 3932 914 3979 nos
959 3916 1240 3979 onustos
1288 3912 1582 3977 fustibus
1629 3910 1806 3977 foras
1853 3911 2141 3991 exegit”.
2202 3912 2645 3994 Neque—que
2690 3913 2834 3976 stat
2882 3927 2997 3991 pro

790 4037 1170 4117 neque—et.

882 4156 1122 4222 Bacch.
1174 4156 1289 4219 241
1352 4172 1487 4235 sq.:

971 4277 1190 4341 Adibo
1216 4276 1413 4349 hunc,
1439 4291 1640 4355 quem
1665 4276 1936 4355 quidem
1961 4291 2080 4355 ego
2105 4275 2295 4342 hodie
2319 4273 2560 4339 faciam
2582 4272 2691 4339 hic
2712 4274 2994 4339 arietem

977 4399 1225 4479 Phrixi,
1276 4398 1501 4477 itaque
1550 4397 1834 4463 tondebo
1879 4416 2040 4465 auro
2085 4414 2297 4479 usque
2343 4397 2427 4462 ad
2476 4395 2704 4461 vivam
2745 4398 2991 4460 cutem.
