3459 5300
1760 533 1849 598 70

698 718 903 784 verba
973 715 1256 802 „dedisti
1314 719 1394 782 tu
1455 721 1811 797 argentum
1827 716 1906 780 ‘P’
1968 719 2115 781 tam
2160 717 2321 797 apta
2367 715 2535 780 mihi
2587 715 2900 782 videntur

696 856 900 922 quam
959 839 1018 904 si
1077 839 1149 904 in
1211 839 1764 920 praecedentibus
1827 839 2122 920 pretium
2182 842 2762 922 commemoratur,
2830 843 2900 905 et

696 963 820 1027 hoc
886 961 1112 1042 ipsum
1181 961 1474 1042 pretium
1543 963 2145 1026 commemoratum
2212 959 2645 1026 desideratur.
2706 959 2898 1027 Illam

696 1086 928 1148 autem
979 1083 1387 1168 „orationem
1434 1081 1847 1164 pessimam'’
1894 1081 2202 1163 equidem
2246 1085 2524 1148 tantum
2568 1083 2639 1146 in
2681 1085 2897 1165 poste-

696 1204 851 1270 riori
911 1221 1152 1270 versus
1209 1208 1400 1286 parte
1459 1202 1909 1284 deprehendo:
1974 1205 2083 1286 „et
2128 1220 2244 1284 pro
2291 1203 2351 1268 is
2398 1221 2454 1268 e.
2480 1220 2544 1285 q.
2572 1203 2673 1269 s.''
2719 1204 2898 1285 Quae

698 1326 902 1391 verba
957 1328 1104 1390 tam
1158 1324 1470 1404 languide
1515 1323 2067 1405 praecedentibus
2114 1323 2539 1400 adiiciuntur,
2587 1327 2668 1389 ut
2712 1325 2897 1405 origi-

698 1463 855 1512 nem
906 1446 1143 1512 debere
1191 1446 1548 1511 videantur
1593 1445 1827 1511 manui
1872 1445 2261 1526 interpretis
2288 1441 2361 1529 ¹),
2408 1445 2523 1526 qui
2569 1446 2899 1528 explicare

698 1566 935 1650 voluit,
997 1584 1126 1648 quo
1186 1584 1291 1632 vs.
1357 1565 1488 1631 525
1550 1567 1777 1633 decem
1840 1567 2065 1632 minae
2128 1569 2455 1649 spectent.
2514 1569 2742 1650 Atque
2786 1569 2899 1633 illa

698 1688 903 1753 verba
969 1688 1038 1752 in
1109 1688 1408 1767 margine
1478 1688 1774 1769 ascripta
1834 1691 2069 1769 postea
2128 1689 2417 1768 genuina
2479 1688 2705 1765 verba,
2753 1706 2809 1754 e.
2834 1706 2898 1769 g.

701 1808 862 1875 talia
908 1808 1080 1875 fere:
1135 1825 1374 1893 „omne
1419 1809 1736 1891 quidquid
1786 1809 1989 1874 habet
2034 1807 2379 1876 meumst’'
2429 1810 2536 1892 (cf.
2586 1826 2689 1875 vs.
2739 1810 2897 1894 488)

698 1947 735 1995 e
780 1932 986 1995 textu
1031 1931 1454 2012 expulerunt.

771 2156 828 2224 1)
883 2153 1115 2209 Verbum
1163 2153 1464 2208 coaccedunt
1509 2171 1614 2208 non
1659 2153 1778 2208 ideo
1826 2172 1909 2208 me
1952 2153 2182 2224 offendit,
2227 2154 2369 2224 quod
2403 2153 2527 2210 alibi
2563 2171 2669 2209 non
2706 2157 2895 2219 exstet,

700 2239 794 2296 sed
841 2239 1156 2312 praepositio
1193 2257 1272 2293 co-
1307 2239 1462 2310 plane
1498 2257 1652 2295 sensu
1690 2257 1857 2294 vacua
1894 2244 1989 2294 est.
2046 2242 2345 2298 Coaccedere
2381 2241 2469 2311 (cf.
2505 2243 2773 2312 coaddere)
2809 2260 2899 2314 ap-

699 2326 896 2382 tissime
944 2325 1048 2381 dici
1095 2329 1286 2398 potest,
1321 2324 1368 2381 si
1403 2325 1547 2397 prius
1581 2325 1714 2380 aliae
1752 2343 1835 2381 res
1869 2327 2114 2382 accedere
2158 2326 2330 2383 dictae
2366 2331 2505 2394 sunt,
2544 2329 2684 2402 quod
2719 2333 2899 2384 nostro

699 2414 815 2470 loco
849 2430 954 2468 non
989 2415 1064 2469 fit.
