3459 5300
1784 559 1870 624 20

733 757 809 806 00
846 740 1004 822 1000,
1045 742 1161 806 ubi
1197 742 1489 807 traditus
1526 745 1651 824 est,
1688 742 2045 807 molestum
2083 757 2263 807 esse:
2303 741 2450 806 leno
2490 757 2624 806 11011
2663 756 2931 821 respon-

731 862 896 928 dens
940 863 1100 928 iocis
1149 863 1325 928 servi
1364 863 1714 942 fingendus
1753 865 1861 927 est
1899 862 2120 927 subito
2161 863 2378 927 dolore
2416 861 2607 926 lienis
2645 861 2927 926 affectus

731 986 799 1048 et
864 986 944 1048 ut
1002 984 1233 1065 opinor
1287 1001 1491 1050 manu
1555 1002 1704 1050 eam
1766 985 2055 1065 corporis
2116 987 2398 1065 partem,
2454 982 2567 1048 ubi
2614 983 2747 1049 lien
2796 985 2924 1057 est,

730 1122 1042 1186 premens
1081 1109 1153 1172 et
1177 1106 1370 1172 vultu
1394 1106 1586 1187 pleno
1611 1105 1850 1172 doloris
1871 1106 2286 1172 lamentans:
2320 1105 2488 1191 „lien
2512 1103 2925 1170 dierectust”
2994 1136 3001 1143 ·

731 1225 839 1310 (de
899 1244 1059 1293 voce
1115 1227 1438 1292 dierectus
1498 1227 1805 1293 videatur
1867 1227 2087 1310 infra).
2149 1228 2255 1291 Ad
2310 1244 2479 1308 quae
2532 1228 2918 1292 Palinurus:

733 1347 1062 1433 „ambula‚
1102 1348 1167 1424 id
1209 1347 1365 1413 lieni
1403 1347 1897 1430 optumumst.”
1937 1349 2119 1429 Quod
2154 1349 2374 1416 Gonrz
2408 1347 2676 1414 Celsum
2705 1349 2917 1432 affert,

728 1473 808 1534 ut
869 1470 1284 1535 demonstret
1343 1469 1733 1535 Palinurum
1792 1469 2011 1536 lenoni
2064 1471 2496 1536 saluberrima
2542 1470 2699 1535 dare
2745 1487 2924 1551 prae-

727 1595 940 1674 cepta,
985 1592 1155 1675 quod
1193 1595 1265 1657 et
1304 1608 1420 1672 per
1467 1609 1539 1657 se
1577 1594 1957 1672 spectatum
1997 1608 2128 1656 11011
2166 1591 2526 1656 admodum
2559 1591 2920 1656 verisimile

726 1716 851 1792 est,
892 1729 1049 1778 cum
1088 1711 1440 1777 Palinurus
1478 1712 1695 1777 lenoni
1737 1712 2015 1778 minime
2062 1711 2421 1778 benevolus
2445 1713 2556 1793 sit,
2583 1712 2648 1777 id
2674 1695 2937 1778 nullius*

726 1851 873 1900 esse
921 1834 1086 1899 mihi
1131 1833 1395 1898 videtur
1449 1833 1796 1899 momenti.
1871 1833 2125 1914 Quaero
2179 1834 2380 1910 enim,
2436 1834 2685 1911 ideone,
2746 1835 2920 1917 quod

727 1955 958 2021 Celsus
995 1956 1265 2021 lienosis
1300 1955 1849 2020 exercitationem
1881 1960 1951 2020 et
1974 1955 2264 2020 laborem
2288 1956 2625 2036 praecipit,
2652 1959 2919 2036 poetam

725 2095 981 2161 quoque
1041 2079 1163 2143 hoc
1224 2051 1653 2160 praeceptum
1714 2081 1953 2142 notum
2015 2077 2327 2142 habuisse
2374 2080 2657 2143 constet.
2705 2079 2920 2144 Immo

725 2201 1082 2266 statuerim
1145 2199 1370 2281 potius
1438 2199 1776 2264 hominem
1848 2199 2210 2264 medicinae
2270 2199 2674 2281 imperitum,
2740 2200 2917 2264 haud

724 2324 954 2386 tamen
1002 2322 1438 2400 ignorantem.
1462 2319 1728 2400 saepius
1789 2336 1874 2383 ex
1915 2319 2110 2384 celeri
2148 2336 2342 2384 cursu
2394 2320 2587 2386 lienis
2632 2319 2918 2386 dolorem

723 2443 1065 2526 exsistere,
1117 2441 1636 2508 ambulationem
1681 2439 1930 2506 lienoso
1971 2441 2202 2506 obesse
2247 2443 2523 2520 putasse
2574 2441 2679 2524 (cf.
2721 2441 2914 2506 Mero.

730 2565 874 2645 124,
901 2565 1014 2630 ubi
1055 2582 1292 2630 servus
1316 2564 1650 2629 Acanthio
1688 2563 1991 2645 queritur
2028 2562 2154 2627 sibi
2183 2561 2423 2627 lienem
2450 2563 2622 2645 quod
2645 2581 2918 2645 propere

721 2687 1088 2752 cucurrerit
1113 2685 1506 2751 seditionem
1530 2684 1790 2769 facere).
1818 2684 2094 2750 Accedit
2116 2686 2285 2766 quod
2310 2684 2474 2767 len0,
2501 2689 2606 2751 tot
2629 2687 2917 2767 corporis

719 2809 1023 2891 partibus
1089 2808 1417 2883 laboranS‚
1487 2807 1882 2887 praesertim
1958 2811 2187 2872 tamen
2264 2812 2531 2889 propter
2607 2813 2915 2875 ventrem

719 2931 1124 3006 collativum‚
1163 2931 1337 2995 haud
1377 2929 1564 2995 facile
1603 2945 1673 2994 se
1712 2928 2156 2994 commovisse
2187 2930 2525 3010 putandus
2547 2935 2688 3013 est3
2714 2949 2915 3014 quare

721 3054 998 3119 minime
1045 3053 1291 3118 mirum
1338 3050 1504 3115 mihi
1549 3049 1816 3115 videtur
1851 3049 2157 3114 lenonem
2197 3050 2491 3117 Palinuri
2530 3054 2733 3119 verba
2770 3058 2913 3120 tan·

720 3192 924 3257 quam
967 3174 1340 3240 irrisionem
1387 3172 1699 3252 accipere.
1750 3171 1956 3236 Recte
2001 3170 2205 3249 igitur
2250 3173 2634 3253 respondet:
2691 3175 2916 3256 „aufer

718 3297 948 3379 istaec,
996 3296 1309 3380 quaeso.'’
