3459 5300
1542 598 1666 661 169

1529 869 1654 936 XI.

590 1053 780 1119 ovid.
828 1053 985 1118 Met.
1036 1054 1119 1135 v,
1170 1043 1334 1119 54'62

817 1207 933 1273 Ille
979 1207 1104 1273 sibi
1149 1208 1417 1274 ablatus
1462 1207 1666 1274 fulvis
1711 1206 2024 1273 amicitur
2067 1204 2139 1270 in
2184 1202 2329 1270 alis.

588 1360 782 1440 Leg.:
829 1358 1052 1426 fulvas
1096 1359 1409 1426 amicitur
1452 1361 1520 1425 in
1567 1359 1726 1426 alas,

1525 1572 1681 1639 XII.

587 1759 770 1825 Pers.
819 1757 904 1834 V,
958 1759 1040 1822 19
1087 1774 1222 1838 sq.:

678 1910 824 1977 Non
871 1908 1178 1992 equidem
1225 1907 1348 1975 hoc
1393 1908 1650 1989 stude0‚
1698 1907 1969 1988 pullatis
2016 1907 2097 1971 ut
2140 1903 2310 1969 mihi
2355 1881 2555 1983 nugis

675 2031 928 2112 Pagina
971 2032 1314 2111 turgescat
1359 2031 1517 2096 dare
1559 2030 1823 2113 pondus
1866 2030 2100 2095 idonea
2145 2027 2349 2094 fumo.

585 2186 713 2252 Pro
748 2185 1030 2268 pullatis
1073 2185 1322 2250 rectius
1365 2183 1728 2250 deteriores
1772 2182 1959 2249 codd.
2004 2181 2291 2274 bullatis.

1498 2398 1686 2464 XIII.
1733 2417 1737 2421 ’

584 2584 816 2651 Iuven.
865 2582 948 2665 V,
999 2580 1163 2647 105:

811 2733 1106 2800 Vernula
1150 2734 1445 2816 riparum
1491 2733 1760 2815 pinguis
1804 2735 2105 2833 torrente
2148 2732 2386 2799 cloaca.

586 2886 713 2952 Pro
757 2887 1045 2952 torrente
1088 2882 1210 2966 leg.
1257 2885 1578 2951 sordente.

1501 3096 1690 3165 XIV.

585 3282 791 3348 Rutu.
843 3282 1011 3365 Lup.
1060 3282 1141 3347 de
1187 3282 1297 3363 fig.
1346 3252 1422 3358 1,'
1451 3282 1568 3347 21:
1616 3282 1800 3349 Rure
1845 3282 2123 3359 rediens,
2171 3282 2443 3359 iudices,
2489 3276 2687 3351 home>

496 3406 708 3471 maior
753 3406 941 3486 nat-u,
989 3420 1232 3485 magno
1277 3403 1509 3485 calore,
1557 3404 1678 3469 vix
1723 3404 2046 3499 sufferens
2090 3405 2240 3470 viae
2285 3403 2684 3482 molestiam,

496 3528 724 3592 tamen
770 3526 876 3591 his
913 3525 1139 3591 verbis
1177 3528 1443 3605 egomet
1477 3541 1589 3590 me
1626 3525 1957 3593 consolor:
1986 3525 2112 3592 Fer
2132 3526 2394 3592 fortiter
2414 3527 2685 3593 demum

491 3646 801 3713 laborem.

583 3770 710 3835 Pro
761 3768 1029 3835 demum
1074 3770 1469 3850 expectatur
1514 3771 1870 3837 vocativus
1913 3770 2201 3838 nominis
2245 3771 2507 3857 proprii,
2555 3788 2686 3854 quo

494 3891 555 3957 is
599 3890 715 3972 qui
757 3890 1047 3972 loquitur
1089 3891 1235 3973 ipse
1281 3907 1354 3957 se
1399 3890 1710 3973 appellat.

1453 4060 1460 4063 ’
1513 4104 1670 4173 xv.

586 4287 792 4354 Thuc.
839 4287 892 4371 I,
941 4286 1048 4364 62,
1099 4288 1176 4353 42
1227 4268 1513 4359 Κάλλίας
1551 4263 1688 4353 δἀῧ
1730 4287 1759 4351 ὃ
1807 4286 2295 4363 τῶν·’ΛθηνωΙων
2332 4289 2679 4369 στρατηγὸς

496 4408 600 4472 καὶ
671 4409 722 4473 01
791 4406 1193 4488 ξυνάρχοντες
1265 4408 1404 4482 τοὺς
1481 4409 1594 4485 μὲν
1672 4408 2038 4483 Μακεδόνας
2100 4409 2333 4483 ἱππέας
2396 4410 2501 4475 καὶ
2564 4417 2679 4477 τῶν
