3459 5300
1594 599 1674 663 91

539 783 997 846 monstratum
1059 782 1168 857 sit,
1234 783 1465 847 tamen
1512 781 1777 847 illorum
1822 765 2380 863 accusati'vorum‚
2433 780 2547 862 qui
2594 781 2741 846 sub·

537 901 706 968 iecto
765 906 1018 980 carent,
1080 903 1408 970 rationem
1475 903 1775 970 nondum
1837 902 2244 985 explicatam
2295 919 2444 968 esse
2492 903 2742 984 opinor.

539 1023 760 1090 Gomz
808 1028 963 1106 post
1012 1043 1112 1091 vs,
1163 1025 1295 1092 483
1341 1025 1761 1092 intercidisse
1798 1027 2000 1107 putat
2045 1024 2258 1112 „unde
2281 1027 2352 1090 et
2375 1024 2746 1090 accusativi

538 1144 876 1224 pendeant
945 1149 1016 1210 et
1084 1146 1306 1210 lucem
1367 1146 1651 1227 accipiat
1711 1163 1951 1212 versus
2014 1145 2425 1227 p1·oximus’'.
2487 1145 2746 1211 Ussme

538 1269 856 1332 annotat:
916 1283 1193 1352 „versus
1229 1271 1352 1333 aut
1392 1268 1683 1349 pessime
1717 1268 1922 1334 fictus
1960 1271 2080 1334 aut
2120 1268 2404 1333 verbum
2426 1267 2743 1333 excidit”.

539 1388 578 1453 J
582 1404 806 1453 onnAN
835 1387 884 1472 ¹)
930 1407 1172 1455 versus
1220 1390 1350 1456 485
1398 1390 1689 1471 speciem
1739 1389 1894 1455 inde
1940 1389 2249 1471 explicat,
2295 1388 2469 1471 quod
2507 1390 2588 1465 is,
2630 1389 2745 1470 qui

540 1525 818 1576 versum
873 1510 1094 1587 finxit,
1142 1510 1205 1576 ei
1250 1528 1493 1577 versus
1539 1513 1668 1579 472
1717 1510 1940 1577 locum
1985 1510 2461 1592 destinaverit;
2511 1527 2745 1576 versus

541 1634 774 1697 autem
821 1632 974 1709 483,
1023 1633 1196 1713 quod
1246 1636 1812 1701 commemoratus
1862 1633 2054 1699 vicus
2101 1633 2360 1700 Tuscus
2396 1631 2744 1714 interpola·

539 1757 757 1819 torem
817 1755 1273 1839 commoverit,
1343 1759 1421 1822 ut
1482 1756 1757 1822 adderet
1818 1755 2203 1830 Velabrum,
2266 1756 2347 1821 de
2408 1772 2537 1837 quo
2587 1754 2743 1836 quid

539 1875 790 1942 diceret
856 1893 991 1942 non
1060 1877 1335 1943 haberet
1406 1878 1541 1944 nisi
1609 1878 1861 1944 nudam
1928 1876 2271 1958 quandam
2329 1892 2490 1956 rem,
2539 1892 2744 1958 quam

541 2013 818 2063 versum
855 1998 986 2061 469
1011 1999 1324 2065 imitatus
1368 2000 1848 2066 enuntiaverit.
1896 1999 2269 2064 FRmmucH
2316 1997 2603 2079 explicat
2650 1998 2746 2064 sic

543 2120 622 2183 ut
683 2137 887 2202 supra
946 2095 1316 2188 indicatum
1377 2125 1502 2187 est.
1576 2122 1871 2203 Quarum
1915 2121 2308 2204 opinionum
2352 2119 2534 2185 nulla
2580 2119 2746 2185 mihi

544 2241 781 2323 placet.
830 2242 966 2322 Ego
1011 2246 1174 2323 puto
1221 2243 1304 2309 ab
1349 2244 1542 2309 initio
1590 2261 1864 2310 versum
1912 2243 2043 2307 482
2090 2242 2372 2308 verbum
2410 2241 2746 2317 habuisse,

546 2364 720 2429 unde
767 2363 1155 2447 interpolati
1201 2365 1573 2431 accusativi
1619 2366 2008 2446 penderent.
2058 2363 2225 2445 Quid
2272 2363 2504 2428 enim?
2552 2362 2746 2428 Nunc

546 2488 687 2551 tres
746 2487 1100 2553 continuos
1162 2504 1422 2565 versus,
1469 2487 1602 2553 480
1654 2491 1724 2553 et
1778 2489 1904 2553 481
1957 2490 2029 2553 et
2075 2486 2228 2563 482,
2277 2484 2621 2564 habemus,
2671 2484 2744 2548 in

544 2610 788 2692 quibus
835 2611 1148 2677 omnibus
1192 2612 1422 2677 exstat
1469 2609 1562 2675 ibi
1602 2611 1783 2688 sunt,
1832 2609 2005 2692 quod
2051 2607 2218 2675 mihi
2263 2607 2530 2691 quidem
2555 2606 2745 2673 valde

544 2730 868 2813 displicet.
915 2732 1024 2797 Ibi
1068 2734 1229 2797 sunt
1276 2731 1379 2797 bis
1424 2731 1788 2812 repetitum
1833 2748 1969 2797 non
2008 2729 2304 2811 offendit,
2349 2728 2746 2811 praesertim

411 2944 418 2949 Ι
545 2868 700 2918 cum
769 2854 866 2918 sic
936 2854 1224 2918 secundo
1293 2852 1434 2918 loco
1493 2852 1786 2918 exsistat
1844 2852 2233 2918 allitteratio
2292 2854 2453 2917 sunt
2513 2850 2744 2917 subito.

547 2972 676 3040 Sed
721 2973 896 3055 quod
943 2975 1045 3039 ter
1085 2977 1394 3054 ponatur,
1423 2972 1577 3039 illud
1605 2973 1868 3039 defendi
1891 2990 2026 3039 non
2043 2969 2244 3056 ¹posse
2268 2973 2433 3040 mihi
2455 2974 2743 3039 videtur.

549 3096 656 3160 Ab
708 3095 903 3161 initio
948 3112 1224 3161 versum
1270 3096 1480 3161 talem
1527 3095 1737 3162 fuisse
1781 3095 2116 3177 suspicor:
2173 3096 2289 3182 „In
2337 3096 2551 3162 Tusco
2598 3096 2745 3161 vico

545 3218 904 3283 invenietis
962 3218 1077 3300 qui
1122 3217 1250 3298 ipsi
1298 3233 1445 3284 sese
1491 3216 1916 3299 venditant”;
1964 3217 2307 3283 librarium
2350 3221 2583 3283 autem
2628 3217 2745 3309 im·

547 3340 948 3422 prudentem
1017 3342 1286 3422 propter
1351 3340 1890 3421 praecedentium
1953 3355 2275 3405 versuum
2338 3339 2470 3423 „ibi
2537 3338 2745 3404 sunt’'

451 3539 458 3545 ‚
547 3463 668 3527 hoc
714 3461 1000 3527 scribere
1043 3463 1430 3545 perrexisse,
1481 3464 1845 3543 posteaque
1890 3460 1972 3526 ad
2021 3478 2297 3527 versum
2342 3460 2746 3542 explendum

547 3583 844 3649 homines
890 3583 1223 3648 insertum
1271 3599 1438 3648 esse.
1503 3584 1611 3649 Ab
1657 3583 1782 3648 hoc
1825 3582 2173 3649 invenietis
2219 3582 2516 3663 pendent
2559 3600 2743 3648 accu-

547 3705 752 3770 sativi
798 3704 1184 3784 interpolati
1231 3720 1467 3770 versus
1514 3705 1662 3786 483,
1714 3703 2001 3769 fortasse
2048 3704 2258 3769 etiam
2303 3720 2543 3769 versus
2590 3703 2743 3787 485,

545 3826 677 3891 etsi
723 3826 864 3890 fieri
911 3830 1155 3907 potest,
1206 3830 1288 3891 ut
1332 3825 1440 3891 hic
1485 3843 1726 3892 versus
1772 3824 2205 3907 explicandus
2251 3825 2361 3909 sit,
2414 3825 2590 3891 sicut
2637 3842 2747 3890 ex·

545 3947 818 4029 plicavit
865 3949 904 4013 J
906 3964 1151 4013 onnAn.

638 4068 836 4135 Unus
897 4072 1115 4135 restat
1177 4086 1434 4150 versus,
1501 4068 1580 4133 de
1640 4084 1771 4149 quo
1817 4066 2035 4133 fusius
2082 4067 2569 4149 disputandum
2614 4072 2741 4135 est.

546 4190 672 4256 Est
717 4208 820 4257 vs.
871 4191 1037 4256 474:

619 4435 676 4501 1)
712 4431 749 4486 1.
784 4430 818 4488 l.
855 4451 904 4504 p.
945 4432 1047 4491 127
1082 4448 1156 4505 sq.
