3459 5300
1749 556 1879 622 112

708 735 925 802 dieser
985 733 1192 800 Scene
1239 751 1368 801 nur
1417 734 1628 802 Hiebe
1681 736 2088 816 ausgetheilt
2140 735 2423 818 werden,
2473 752 2547 801 er
2592 734 2779 800 steht
2824 735 2921 799 im

719 854 1238 935 Wiederspruch
1277 854 1405 920 mit
1443 855 1592 921 dem
1636 856 1942 923 scharfen
1987 856 2207 938 Spott,
2247 855 2534 922 welcher
2570 854 2674 920 die
2713 871 2925 936 ganze

722 976 931 1043 Soene
972 975 1441 1058 durohzieht”;
1483 995 1642 1043 nam
1682 996 1901 1060 neque
1939 995 2179 1044 versus
2210 977 2534 1048 irrisionis
2556 979 2663 1042 est
2687 992 2925 1058 expers

720 1115 933 1181 neque
985 1098 1232 1195 ubique
1275 1097 1386 1164 illa
1431 1099 1647 1165 irrisio
1693 1104 1839 1166 tam
1884 1100 2056 1165 acris
2102 1102 2231 1176 est,
2278 1101 2348 1166 et
2394 1097 2660 1163 disertis
2706 1097 2927 1163 verbis

719 1221 880 1286 dicit
938 1219 1266 1300 choragus
1325 1238 1628 1288 common
1637 1224 1852 1287 strare
1908 1239 1980 1288 se
2028 1220 2198 1289 velle
2250 1221 2399 1297 „vel
2445 1221 2771 1293 vitiosum
2818 1219 2926 1284 vel

722 1343 867 1408 sine
914 1342 1082 1408 vitio
1129 1342 1232 1407 vel
1279 1342 1559 1424 probum
1608 1343 1712 1408 vel
1761 1343 2208 1426 improbum''.
2257 1343 2379 1409 Vs.
2431 1343 2562 1407 476
2606 1339 2926 1422 primitus

724 1480 842 1547 pro
894 1465 970 1528 in
1015 1464 1226 1528 medio
1270 1463 1616 1530 exstitisse
1662 1465 2049 1530 dubitanter
2095 1463 2475 1546 suspicatur
2519 1461 2805 1528 LANonn
2850 1463 2925 1527 in

719 1585 887 1667 som,
947 1585 1122 1666 quod
1182 1585 1434 1651 scilieet
1490 1588 1646 1666 post
1704 1586 2040 1652 insertum
2102 1601 2207 1652 vs.
2259 1584 2391 1648 475
2437 1587 2784 1648 mutatum
2830 1583 2927 1648 sit

722 1707 790 1773 in
855 1709 929 1772 in
990 1707 1220 1772 medio,
1286 1707 1384 1772 Ne
1446 1707 1570 1772 hoo
1629 1707 1900 1788 quidem
1964 1708 2240 1788 probare
2297 1723 2577 1788 possum
2595 1726 2609 1787 ;
2658 1723 2817 1771 nam
2866 1704 2925 1770 si

724 1831 1286 1895 commemoratur
1323 1829 1544 1895 forum
1579 1845 1921 1910 superum,
1948 1829 2029 1894 de
2053 1828 2280 1894 infimo
2304 1828 2511 1894 taceri
2536 1827 2654 1892 vix
2679 1828 2924 1908 potest.

820 1953 970 2017 Huo
1029 1967 1184 2030 ergo
1246 1953 1479 2017 nostra
1537 1952 1619 2016 de
1680 1951 2091 2019 Curculionis
2140 1951 2448 2033 pai-abasi
2492 1950 2664 2016 redit
2708 1950 2926 2031 dispu-

727 2073 898 2138 tatio
966 2077 1044 2138 ut
1115 2071 1498 2138 Plautinam
1561 2089 1710 2138 esse
1775 2075 1994 2139 totam
2056 2089 2389 2153 scaenam,
2455 2069 2627 2137 solos
2689 2087 2927 2135 versus

731 2194 861 2260 483
908 2199 979 2260 et
1028 2193 1159 2258 485
1206 2193 1668 2275 interpolatori
1713 2194 1932 2261 deberi
1978 2197 2301 2262 statuam.
