3459 5300
1388 1471 1764 1558 CAPUT
1830 1474 1979 1558 IX.

622 1921 726 1989 Do
770 1923 913 1993 looi
957 1926 1034 1992 in
1080 1926 1495 1996 Trinummo
1528 1929 1683 2016 (825
1730 1933 1912 2020 sqq.)
1948 1929 2272 1998 versibus
2319 1925 2732 2012 quibusdam

1288 2050 1659 2119 immerito
1702 2052 2070 2136 suspectis.

759 2233 935 2301 Nam
977 2236 1051 2300 te
1095 2252 1329 2302 omnes
1374 2253 1778 2320 saevomque
1827 2255 2269 2320 severumque
2312 2241 2512 2318 atque
2557 2233 2778 2301 avidis

1763 2360 2091 2445 [moribus
2134 2360 2683 2438 commemorant,

760 2477 1215 2564 Spuroifloum‚
1303 2480 1704 2564 immanem,
1789 2482 2320 2563 intolerandum,
2406 2493 2774 2545 vesanum:

1807 2607 2061 2684 [eontra
2103 2620 2301 2685 opera
2344 2603 2682 2685 expertus,

756 2721 935 2791 Nam
996 2725 1101 2807 pol
1161 2724 1414 2807 placido
1476 2729 1547 2791 te
1605 2728 1679 2791 et
1741 2725 2053 2793 clementi
2107 2744 2256 2792 meo
2302 2741 2513 2807 usque
2558 2724 2774 2804 modo,

1590 2850 1699 2927 [ut
1745 2847 1946 2927 volui,
1998 2865 2166 2915 usus
2211 2865 2365 2914 sum
2410 2847 2481 2912 in
2527 2844 2685 2911 alto.

756 2966 984 3049 Atque
1031 2969 1205 3034 hano
1249 2971 1446 3035 tuam
1489 2968 1770 3049 gloriam
1815 2968 1952 3035 iam
1998 2973 2158 3035 ante
2204 2968 2478 3035 auribus
2519 2981 2778 3047 accepe-

1444 3095 1632 3169 [ram‚
1680 3093 1749 3156 et
1802 3090 2086 3157 nobilest
2133 3092 2308 3173 apud
2356 3089 2683 3163 homines,

756 3211 1169 3293 Pauperibus
1214 3214 1286 3279 te
1330 3229 1597 3294 parcere
1644 3211 1938 3293 solitum,
1989 3212 2165 3279 dites
2211 3212 2529 3279 damnare
2571 3215 2776 3294 atque

2359 3334 2682 3417 [domare.

576 3455 709 3521 830
754 3453 907 3536 Abi,
949 3453 1166 3534 laudm
1191 3456 1322 3522 scis
1346 3456 1590 3539 ordine,
1616 3457 1695 3523 ut
1717 3458 2090 3539 aequomst,
2116 3457 2408 3522 tractare
2431 3456 2770 3538 homines;

1975 3577 2120 3657 [hoc
2165 3577 2268 3642 dis
2313 3577 2680 3657 dignumst.

756 3696 1033 3779 Semper
1078 3698 1402 3764 mendicis
1453 3698 1740 3765 modesti
1785 3698 1948 3764 sint.

757 3819 963 3886 Fidus
1001 3819 1221 3887 fuisti:
1271 3820 1554 3887 infidum
1591 3838 1741 3887 esse
1794 3820 2075 3902 iterant;
2121 3840 2281 3887 nam
2317 3823 2567 3904 absque
2602 3822 2774 3889 foret

1932 3937 2045 4029 [te,
2093 3945 2203 4007 sat
2250 3942 2384 4008 scio
2429 3941 2500 4007 in
2547 3942 2683 4008 alto

754 4060 1249 4128 Distraxissent
1262 4062 1495 4145 disque
1519 4063 1841 4129 tulissent
1855 4062 2179 4128 satellites
2202 4063 2304 4128 tui
2321 4081 2429 4128 me
2452 4062 2774 4130 miserum

2195 4184 2404 4264 [foede
2449 4202 2506 4251 e.
2534 4204 2596 4267 q.
2621 4203 2675 4251 s.

662 4320 964 4387 Primum
1024 4320 1393 4387 arbitratur
1451 4319 1740 4387 LANGEN
1803 4321 1944 4387 fieri
2005 4338 2139 4386 non
2185 4338 2398 4405 posse,
2447 4325 2528 4388 ut
2575 4321 2770 4388 Char-

568 4442 801 4519 mides,
866 4447 1222 4525 postquam
1283 4442 1552 4509 disertis
1616 4444 1838 4508 verbis
1885 4443 2224 4525 professus
2267 4443 2398 4509 sit:
2451 4462 2650 4531 „nam
2698 4448 2768 4510 te
