3459 5300
1560 573 1649 640 85

500 763 807 843 pretatur
858 759 1303 846 „wucherer”.
1351 759 1478 840 Qui
1514 758 1622 823 vir
1657 758 1896 824 doctus
1935 759 2239 823 constare
2279 759 2487 825 videri
2509 763 2702 826 ratus

499 881 721 947 Plauti
780 884 1007 947 aetate
1069 881 1412 947 basilicam
1473 879 1729 944 nullam
1789 878 2018 960 fuisse,
2068 895 2170 944 vs.
2224 878 2352 944 472
2401 880 2699 946 damnat.

501 1003 640 1084 Quo
708 1019 912 1068 versu
980 1005 1319 1084 expuncto
1389 1004 1611 1067 scorta
1680 1000 1944 1067 exoleta
2005 1004 2209 1081 atque
2271 1001 2702 1083 stipulatores

500 1123 818 1189 nimirum
879 1124 1239 1205 quaerendi
1302 1131 1466 1190 sunt
1512 1124 1691 1204 apud
1741 1123 2085 1188 Cloacinae
2135 1139 2422 1203 sacrum,
2469 1123 2701 1189 eodem

497 1243 635 1311 loco
681 1263 811 1327 quo
858 1246 1210 1311 mendaces
1256 1247 1325 1311 et
1372 1245 1657 1325 gloriosi.
1730 1244 1890 1310 Sive
1936 1248 2165 1310 autem
2214 1243 2559 1310 Cloacinae
2606 1262 2700 1311 sa·

499 1383 686 1432 crum
734 1384 891 1433 cum
938 1368 977 1433 J
980 1384 1247 1433 oRnANo
1294 1367 1595 1448 proxime
1641 1384 1683 1432 a
1728 1365 1967 1432 rostris
2009 1365 2260 1431 afuisse
2285 1366 2703 1448 suspicamur

498 1487 643 1552 sive
690 1505 845 1554 cum
891 1489 1331 1555 Famnmomo
1378 1487 1489 1563 ibi,
1538 1487 1654 1553 ubi
1700 1485 1924 1552 cloaca
1970 1486 2268 1552 maxima
2312 1503 2538 1552 aream
2579 1487 2704 1553 fori

501 1609 892 1688 ingreditur,
940 1614 1172 1676 tamen
1221 1609 1328 1675 hic
1374 1610 1481 1675 vir
1525 1609 1765 1674 doctus
1811 1608 2222 1674 sententiam
2247 1624 2442 1673 suam
2466 1626 2705 1689 parum

501 1728 781 1795 feliciter
825 1730 1155 1796 defendit:
1208 1731 1428 1817 „disse
1466 1730 1805 1796 annahme
1843 1729 2014 1794 wird
2051 1746 2174 1794 zur
2195 1729 2472 1795 evidenz
2495 1728 2703 1795 durch

502 1869 568 1917 v.
618 1853 771 1934 476,
836 1871 941 1919 wo
1004 1855 1130 1920 wir
1190 1871 1321 1919 nur
1379 1854 1599 1932 wenig
1660 1851 1918 1918 sudlich
1963 1868 2052 1917 an
2098 1851 2442 1918 derselben
2488 1851 2706 1918 cloaca

502 1973 622 2039 das
682 1959 1009 2039 nemliche
1070 1963 1407 2057 publicum
1468 1974 1821 2050 antreffen,
1883 1973 1988 2039 die
2041 1975 2467 2038 ostentatores
2511 1975 2704 2049 meri,

502 2095 606 2159 die
669 2095 893 2161 nichts
956 2096 1235 2160 anderes
1298 2095 1440 2161 sein
1504 2095 1773 2160 konnen
1834 2093 1935 2160 als
1994 2093 2098 2160 die
2157 2094 2504 2161 mendaces
2563 2095 2699 2161 und

500 2218 775 2298 oloriosi
807 2217 925 2283 des
974 2235 1039 2282 v.
1089 2217 1287 2284 471”.
1345 2216 1490 2281 Iam
1537 2233 1742 2297 supra
1786 2216 2080 2281 vidimus
2126 2215 2269 2280 fieri
2316 2216 2433 2280 vix
2480 2232 2696 2297 posse,

501 2343 579 2405 ut
642 2340 899 2406 duobus
953 2338 1112 2406 locis
1168 2339 1401 2406 eadem
1445 2338 1798 2404 hominum
1843 2355 2087 2418 genera
2133 2338 2518 2403 tribuant-ur
2563 2354 2696 2402 non

500 2460 725 2527 addito
786 2479 1039 2542 quoque
1098 2459 1206 2526 vel
1266 2459 1392 2525 alio
1456 2460 1785 2525 eiusmodi
1845 2457 2182 2534 vocabulo,
2245 2475 2461 2540 neque
2505 2458 2697 2525 credo

501 2585 770 2664 poetam
815 2583 919 2648 bis
962 2581 1141 2648 idem
1178 2598 1390 2663 genus
1427 2597 1967 2647 commemorare.
2016 2581 2199 2662 Nego
2224 2583 2455 2646 autem
2479 2583 2698 2646 osten-

498 2708 751 2771 tatores
797 2706 1169 2771 necessario
1215 2705 1482 2771 eosdem
1527 2721 1674 2769 esse
1721 2705 1957 2770 debere
2001 2708 2205 2785 atque
2244 2703 2602 2769 mendaces
2625 2705 2695 2769 et

497 2827 832 2907 gloriosos.
895 2827 1365 2892 Ostentatores
1409 2826 1518 2891 hic
1563 2824 1610 2890 ii
1656 2832 1842 2907 sunt,
1892 2826 2003 2906 qui
2052 2825 2340 2906 speciem
2386 2824 2693 2890 formam-

498 2964 627 3030 que
686 2965 883 3013 suam
944 2951 1291 3013 ostentent
1354 2945 1463 3030 (cf.
1514 2947 1705 3012 Truc.
1760 2947 1938 3030 270).
2008 2947 2088 3012 In
2135 2945 2349 3011 medio
2395 2945 2534 3011 foro
2579 2962 2694 3011 eos

497 3068 640 3135 ideo
701 3073 1009 3134 versatos
1066 3086 1215 3134 esse
1276 3069 1579 3150 arbitror,
1645 3070 1726 3132 ut
1787 3068 2078 3149 undique
2140 3072 2342 3149 atque
2401 3086 2443 3134 a
2489 3085 2693 3150 quam

497 3189 804 3272 plurimis
848 3190 1408 3271 conspicerentur.
1470 3188 1810 3269 Quomodo
1855 3193 2085 3254 autem
2133 3188 2424 3255 (311.er
2455 3189 2502 3272 ¹)
2559 3206 2694 3274 „os-

496 3314 872 3377 tentatores
934 3310 1193 3376 meros''
1253 3310 1679 3391 interpretari
1742 3310 1954 3391 possit
2005 3309 2150 3395 „die
2196 3326 2427 3389 grosze
2473 3311 2692 3377 Masso

495 3431 612 3498 der
655 3431 777 3498 auf
816 3432 920 3497 die
967 3431 1396 3512 Trinkgelder
1443 3431 1559 3497 der
1602 3430 1897 3496 Reichen
1941 3431 2514 3515 angewiesenen'',
2557 3450 2690 3498 om-

496 3556 653 3621 nino
713 3571 819 3619 me
866 3553 1203 3634 praeterit,
1252 3553 1386 3618 nisi
1433 3552 1762 3617 adductus
1808 3552 1946 3618 loco
1991 3552 2191 3619 Fnsrr
2237 3555 2357 3620 45:
2415 3554 2690 3639 „canali-

496 3676 674 3743 colae
720 3675 1021 3740 forenses
1064 3673 1368 3739 homines
1412 3689 1737 3755 pauperes
1784 3673 1965 3750 dicti,
2014 3673 2186 3755 quod
2232 3675 2404 3740 circa
2425 3674 2690 3741 canales

494 3797 617 3863 fori
665 3795 1157 3873 subsisterent''
1194 3795 1465 3877 scripsit
1511 3795 1664 3860 ista.
1714 3794 1811 3860 De
1850 3811 1979 3875 quo
2015 3793 2154 3860 loco
2195 3795 2351 3876 quid
2393 3798 2691 3861 statuen-

494 3919 655 3983 dum
726 3917 839 3993 sit,
909 3917 1170 3997 ignoro;
1244 3919 1473 3982 nostro
1540 3919 1773 3982 autem
1842 3916 1980 3981 loco
2049 3916 2349 3981 canalem
2408 3916 2691 3997 intelligi

493 4040 784 4105 cloacam
830 4037 1201 4103 maximam
1244 4040 1551 4103 constare
1596 4037 1763 4102 mihi
1808 4036 2091 4102 videtur.

584 4160 785 4226 Porro
832 4160 1203 4226 Famnmon
1249 4158 1439 4225 dicit:
1494 4158 1654 4245 „das
1688 4158 2069 4238 Argiletum
2091 4158 2248 4225 aber
2271 4158 2495 4227 ffihrte
2517 4160 2687 4228 nach

563 4424 621 4491 1)
654 4420 689 4477 1.
726 4420 760 4476 ι.
797 4439 849 4495 p.
887 4422 1007 4477 220.
