<?xml version="1.0" encoding="UTF-8"?>
<!DOCTYPE html PUBLIC "-//W3C//DTD XHTML 1.0 Transitional//EN"
    "http://www.w3.org/TR/xhtml1/DTD/xhtml1-transitional.dtd">
<html xmlns="http://www.w3.org/1999/xhtml" xml:lang="en" lang="en">
 <head>
  <title>
</title>
<meta http-equiv="Content-Type" content="text/html;charset=utf-8" />
  <meta name='ocr-system' content='tesseract 3.04.00' />
  <meta name='ocr-capabilities' content='ocr_page ocr_carea ocr_par ocr_line ocrx_word'/>
</head>
<body>
  <div class='ocr_page' id='page_1' title='image "./deplauticurculi00bossgoog_0100.png"; bbox 0 0 3459 5300; ppageno 0'>
   <div class='ocr_carea' id='block_1_1' title="bbox 1764 537 1851 600">
    <p class='ocr_par' dir='ltr' id='par_1_1' title="bbox 1764 537 1851 600">
     <span class='ocr_line' id='line_1_1' title="bbox 1764 537 1851 600; baseline 0 0"><span class='ocrx_word' id='word_1_1' title='bbox 1764 537 1851 600; x_wconf 94' lang='lat'>88</span> 
     </span>
    </p>
   </div>
   <div class='ocr_carea' id='block_1_2' title="bbox 691 714 2903 4094">
    <p class='ocr_par' dir='ltr' id='par_1_2' title="bbox 881 714 2903 1044">
     <span class='ocr_line' id='line_1_2' title="bbox 883 714 2902 803; baseline 0.004 -25"><span class='ocrx_word' id='word_1_2' title='bbox 883 714 959 778; x_wconf 94' lang='lat' dir='ltr'>In</span> <span class='ocrx_word' id='word_1_3' title='bbox 1010 714 1296 782; x_wconf 90' lang='lat' dir='ltr'>Velabro</span> <span class='ocrx_word' id='word_1_4' title='bbox 1344 715 1450 782; x_wconf 88' lang='lat' dir='ltr'>vel</span> <span class='ocrx_word' id='word_1_5' title='bbox 1495 716 1821 797; x_wconf 88' lang='lat' dir='ltr'>pistorem</span> <span class='ocrx_word' id='word_1_6' title='bbox 1867 716 1975 783; x_wconf 89' lang='lat' dir='ltr'>vel</span> <span class='ocrx_word' id='word_1_7' title='bbox 2028 716 2282 784; x_wconf 88' lang='lat' dir='ltr'>lanium</span> <span class='ocrx_word' id='word_1_8' title='bbox 2329 720 2435 786; x_wconf 89' lang='lat' dir='ltr'>vel</span> <span class='ocrx_word' id='word_1_9' title='bbox 2480 721 2902 803; x_wconf 82' lang='lat' dir='ltr'><strong>haruspicem</strong></span> 
     </span>
     <span class='ocr_line' id='line_1_3' title="bbox 881 836 2903 927; baseline 0.003 -25"><span class='ocrx_word' id='word_1_10' title='bbox 881 836 1005 903; x_wconf 91' lang='lat' dir='ltr'>Vel</span> <span class='ocrx_word' id='word_1_11' title='bbox 1073 837 1184 920; x_wconf 88' lang='lat' dir='ltr'>qui</span> <span class='ocrx_word' id='word_1_12' title='bbox 1255 837 1384 918; x_wconf 82' lang='lat' dir='ltr'>ipsi</span> <span class='ocrx_word' id='word_1_13' title='bbox 1455 841 1730 904; x_wconf 77' lang='lat' dir='ltr'>vortant</span> <span class='ocrx_word' id='word_1_14' title='bbox 1802 839 1908 907; x_wconf 88' lang='lat' dir='ltr'>vel</span> <span class='ocrx_word' id='word_1_15' title='bbox 1977 838 2090 922; x_wconf 90' lang='lat' dir='ltr'>qui</span> <span class='ocrx_word' id='word_1_16' title='bbox 2156 839 2325 917; x_wconf 88' lang='lat' dir='ltr'>aliis,</span> <span class='ocrx_word' id='word_1_17' title='bbox 2383 845 2464 907; x_wconf 91' lang='lat' dir='ltr'>ut</span> <span class='ocrx_word' id='word_1_18' title='bbox 2525 845 2903 927; x_wconf 72' lang='lat' dir='ltr'>vorsentur,</span> 
     </span>
     <span class='ocr_line' id='line_1_4' title="bbox 2404 965 2811 1044; baseline 0.002 -16"><span class='ocrx_word' id='word_1_19' title='bbox 2404 965 2811 1044; x_wconf 86' lang='lat' dir='ltr'>[praebeant.</span> 
     </span>
    </p>

    <p class='ocr_par' dir='ltr' id='par_1_3' title="bbox 691 1080 2903 4094">
     <span class='ocr_line' id='line_1_5' title="bbox 791 1080 2901 1164; baseline 0.002 -17"><span class='ocrx_word' id='word_1_20' title='bbox 791 1082 971 1163; x_wconf 84' lang='lat' dir='ltr'>Quod</span> <span class='ocrx_word' id='word_1_21' title='bbox 1039 1080 1203 1147; x_wconf 90' lang='lat' dir='ltr'>mihi</span> <span class='ocrx_word' id='word_1_22' title='bbox 1265 1099 1400 1147; x_wconf 93' lang='lat' dir='ltr'>non</span> <span class='ocrx_word' id='word_1_23' title='bbox 1459 1083 1720 1164; x_wconf 92' lang='lat' dir='ltr'>probari</span> <span class='ocrx_word' id='word_1_24' title='bbox 1787 1083 2153 1164; x_wconf 84' lang='lat' dir='ltr'>apparebit.</span> <span class='ocrx_word' id='word_1_25' title='bbox 2207 1084 2509 1151; x_wconf 89' lang='lat' dir='ltr'>Primum</span> <span class='ocrx_word' id='word_1_26' title='bbox 2579 1087 2901 1153; x_wconf 90' lang='lat' dir='ltr'>disseren-</span> 
     </span>
     <span class='ocr_line' id='line_1_6' title="bbox 699 1203 2901 1300; baseline 0.002 -31"><span class='ocrx_word' id='word_1_27' title='bbox 699 1204 860 1269; x_wconf 91' lang='lat' dir='ltr'>dum</span> <span class='ocrx_word' id='word_1_28' title='bbox 935 1207 1042 1269; x_wconf 93' lang='lat' dir='ltr'>est</span> <span class='ocrx_word' id='word_1_29' title='bbox 1117 1203 1200 1269; x_wconf 89' lang='lat' dir='ltr'>de</span> <span class='ocrx_word' id='word_1_30' title='bbox 1284 1203 1770 1283; x_wconf 88' lang='lat' dir='ltr'>significatione</span> <span class='ocrx_word' id='word_1_31' title='bbox 1852 1221 2091 1300; x_wconf 81' lang='lat' dir='ltr'>versus</span> <span class='ocrx_word' id='word_1_32' title='bbox 2178 1205 2328 1286; x_wconf 86' lang='lat'>484,</span> <span class='ocrx_word' id='word_1_33' title='bbox 2418 1207 2488 1271; x_wconf 92' lang='lat' dir='ltr'>in</span> <span class='ocrx_word' id='word_1_34' title='bbox 2581 1224 2709 1288; x_wconf 89' lang='lat' dir='ltr'>quo</span> <span class='ocrx_word' id='word_1_35' title='bbox 2783 1225 2901 1288; x_wconf 89' lang='lat' dir='ltr'>pro</span> 
     </span>
     <span class='ocr_line' id='line_1_7' title="bbox 705 1326 2902 1412; baseline 0.002 -22"><span class='ocrx_word' id='word_1_36' title='bbox 705 1326 892 1411; x_wconf 88' lang='lat' dir='ltr'>„aliis</span> <span class='ocrx_word' id='word_1_37' title='bbox 952 1329 1034 1391; x_wconf 85' lang='lat' dir='ltr'>ut</span> <span class='ocrx_word' id='word_1_38' title='bbox 1095 1327 1497 1392; x_wconf 89' lang='lat' dir='ltr'>vorsentur&#39;&#39;</span> <span class='ocrx_word' id='word_1_39' title='bbox 1561 1326 1819 1392; x_wconf 86' lang='lat' dir='ltr'>codices</span> <span class='ocrx_word' id='word_1_40' title='bbox 1862 1326 2116 1393; x_wconf 89' lang='lat' dir='ltr'>habent</span> <span class='ocrx_word' id='word_1_41' title='bbox 2166 1327 2316 1412; x_wconf 87' lang='lat' dir='ltr'>„alii</span> <span class='ocrx_word' id='word_1_42' title='bbox 2364 1328 2902 1394; x_wconf 86' lang='lat' dir='ltr'>subversenter”.</span> 
     </span>
     <span class='ocr_line' id='line_1_8' title="bbox 699 1447 2903 1532; baseline 0.002 -20"><span class='ocrx_word' id='word_1_43' title='bbox 699 1447 881 1528; x_wconf 84' lang='lat' dir='ltr'>Quod</span> <span class='ocrx_word' id='word_1_44' title='bbox 951 1447 1048 1514; x_wconf 90' lang='lat' dir='ltr'>sic</span> <span class='ocrx_word' id='word_1_45' title='bbox 1117 1448 1409 1530; x_wconf 87' lang='lat' dir='ltr'>explicat</span> <span class='ocrx_word' id='word_1_46' title='bbox 1478 1447 1905 1515; x_wconf 67' lang='lat' dir='ltr'>Gssonovmsz</span> <span class='ocrx_word' id='word_1_47' title='bbox 1984 1449 2168 1532; x_wconf 89' lang='lat' dir='ltr'>„Hoc</span> <span class='ocrx_word' id='word_1_48' title='bbox 2235 1451 2360 1529; x_wconf 87' lang='lat' dir='ltr'>est,</span> <span class='ocrx_word' id='word_1_49' title='bbox 2431 1447 2539 1515; x_wconf 89' lang='lat' dir='ltr'>vel</span> <span class='ocrx_word' id='word_1_50' title='bbox 2600 1450 2716 1531; x_wconf 87' lang='lat' dir='ltr'>qui</span> <span class='ocrx_word' id='word_1_51' title='bbox 2775 1450 2903 1532; x_wconf 90' lang='lat' dir='ltr'>ipsi</span> 
     </span>
     <span class='ocr_line' id='line_1_9' title="bbox 700 1568 2903 1653; baseline 0.001 -19"><span class='ocrx_word' id='word_1_52' title='bbox 700 1573 975 1635; x_wconf 89' lang='lat' dir='ltr'>vertant</span> <span class='ocrx_word' id='word_1_53' title='bbox 1019 1587 1096 1636; x_wconf 92' lang='lat' dir='ltr'>ac</span> <span class='ocrx_word' id='word_1_54' title='bbox 1141 1573 1415 1636; x_wconf 82' lang='lat' dir='ltr'>mutent</span> <span class='ocrx_word' id='word_1_55' title='bbox 1461 1586 1716 1636; x_wconf 88' lang='lat' dir='ltr'>merces</span> <span class='ocrx_word' id='word_1_56' title='bbox 1762 1568 2243 1636; x_wconf 85' lang='lat' dir='ltr'>munuscularii</span> <span class='ocrx_word' id='word_1_57' title='bbox 2282 1571 2749 1653; x_wconf 89' lang='lat' dir='ltr'>negotiatores,</span> <span class='ocrx_word' id='word_1_58' title='bbox 2796 1573 2903 1637; x_wconf 86' lang='lat' dir='ltr'>vel</span> 
     </span>
     <span class='ocr_line' id='line_1_10' title="bbox 698 1692 2903 1774; baseline 0.001 -17"><span class='ocrx_word' id='word_1_59' title='bbox 698 1693 1061 1773; x_wconf 88' lang='lat' dir='ltr'>praebeant</span> <span class='ocrx_word' id='word_1_60' title='bbox 1121 1692 1546 1759; x_wconf 84' lang='lat' dir='ltr'>institoribus</span> <span class='ocrx_word' id='word_1_61' title='bbox 1601 1710 1873 1774; x_wconf 78' lang='lat' dir='ltr'>merceS,</span> <span class='ocrx_word' id='word_1_62' title='bbox 1923 1693 2165 1774; x_wconf 89' lang='lat' dir='ltr'>quibus</span> <span class='ocrx_word' id='word_1_63' title='bbox 2210 1694 2567 1758; x_wconf 82' lang='lat' dir='ltr'>exerceant</span> <span class='ocrx_word' id='word_1_64' title='bbox 2614 1694 2903 1773; x_wconf 86' lang='lat' dir='ltr'>negotia-</span> 
     </span>
     <span class='ocr_line' id='line_1_11' title="bbox 697 1787 2903 1896; baseline 0.001 -18"><span class='ocrx_word' id='word_1_65' title='bbox 697 1813 950 1882; x_wconf 89' lang='lat' dir='ltr'>tionem</span> <span class='ocrx_word' id='word_1_66' title='bbox 1012 1814 1138 1880; x_wconf 88' lang='lat' dir='ltr'>sub</span> <span class='ocrx_word' id='word_1_67' title='bbox 1199 1813 1368 1891; x_wconf 89' lang='lat' dir='ltr'>aliis,</span> <span class='ocrx_word' id='word_1_68' title='bbox 1429 1831 1596 1896; x_wconf 87' lang='lat' dir='ltr'>quas</span> <span class='ocrx_word' id='word_1_69' title='bbox 1647 1787 1940 1880; x_wconf 43' lang='lat' dir='ltr'>‘mutent</span> <span class='ocrx_word' id='word_1_70' title='bbox 1986 1814 2406 1880; x_wconf 88' lang='lat' dir='ltr'>dominorum</span> <span class='ocrx_word' id='word_1_71' title='bbox 2453 1814 2617 1880; x_wconf 88' lang='lat' dir='ltr'>vice.</span> <span class='ocrx_word' id='word_1_72' title='bbox 2668 1815 2903 1880; x_wconf 85' lang='lat' dir='ltr'>Finxit</span> 
     </span>
     <span class='ocr_line' id='line_1_12' title="bbox 697 1935 2899 2020; baseline 0.001 -18"><span class='ocrx_word' id='word_1_73' title='bbox 697 1935 880 2002; x_wconf 89' lang='lat' dir='ltr'>enim</span> <span class='ocrx_word' id='word_1_74' title='bbox 939 1935 1344 2012; x_wconf 71' lang='lat' dir='ltr'>subversori,</span> <span class='ocrx_word' id='word_1_75' title='bbox 1401 1938 1482 2000; x_wconf 91' lang='lat' dir='ltr'>ut</span> <span class='ocrx_word' id='word_1_76' title='bbox 1525 1953 1988 2019; x_wconf 79' lang='lat' dir='ltr'>suppromum,</span> <span class='ocrx_word' id='word_1_77' title='bbox 2038 1935 2523 2016; x_wconf 75' lang='lat' dir='ltr'>subbullionem‚</span> <span class='ocrx_word' id='word_1_78' title='bbox 2573 1936 2681 2001; x_wconf 89' lang='lat' dir='ltr'>ille</span> <span class='ocrx_word' id='word_1_79' title='bbox 2726 1939 2899 2020; x_wconf 90' lang='lat' dir='ltr'>apud</span> 
     </span>
     <span class='ocr_line' id='line_1_13' title="bbox 698 2056 2898 2138; baseline 0.002 -17"><span class='ocrx_word' id='word_1_80' title='bbox 698 2056 1224 2136; x_wconf 79' lang='lat' dir='ltr'>Quinctilianum</span> <span class='ocrx_word' id='word_1_81' title='bbox 1292 2057 1708 2138; x_wconf 76' lang='lat' dir='ltr'>subcoenant‚</span> <span class='ocrx_word' id='word_1_82' title='bbox 1782 2056 2055 2122; x_wconf 89' lang='lat' dir='ltr'>Ovidius</span> <span class='ocrx_word' id='word_1_83' title='bbox 2113 2056 2417 2122; x_wconf 77' lang='lat' dir='ltr'>subnuba</span> <span class='ocrx_word' id='word_1_84' title='bbox 2480 2057 2687 2123; x_wconf 82' lang='lat' dir='ltr'>lecti”.</span> <span class='ocrx_word' id='word_1_85' title='bbox 2750 2059 2898 2125; x_wconf 88' lang='lat' dir='ltr'>Non</span> 
     </span>
     <span class='ocr_line' id='line_1_14' title="bbox 697 2155 2898 2262; baseline 0.003 -19"><span class='ocrx_word' id='word_1_86' title='bbox 697 2182 929 2246; x_wconf 87' lang='lat' dir='ltr'>autem</span> <span class='ocrx_word' id='word_1_87' title='bbox 977 2171 1057 2246; x_wconf 92' lang='lat' dir='ltr'>id</span> <span class='ocrx_word' id='word_1_88' title='bbox 1116 2180 1288 2262; x_wconf 89' lang='lat' dir='ltr'>quod</span> <span class='ocrx_word' id='word_1_89' title='bbox 1352 2185 1550 2260; x_wconf 86' lang='lat' dir='ltr'>putat</span> <span class='ocrx_word' id='word_1_90' title='bbox 1615 2180 2009 2247; x_wconf 70' lang='lat' dir='ltr'>Gnonovms</span> <span class='ocrx_word' id='word_1_91' title='bbox 2054 2197 2138 2246; x_wconf 87' lang='lat' dir='ltr'>ex</span> <span class='ocrx_word' id='word_1_92' title='bbox 2186 2179 2315 2245; x_wconf 89' lang='lat' dir='ltr'>illis</span> <span class='ocrx_word' id='word_1_93' title='bbox 2363 2155 2585 2246; x_wconf 66' lang='lat' dir='ltr'>verbis</span> <span class='ocrx_word' id='word_1_94' title='bbox 2632 2183 2898 2249; x_wconf 82' lang='lat' dir='ltr'>extrahi</span> 
     </span>
     <span class='ocr_line' id='line_1_15' title="bbox 695 2300 2901 2385; baseline 0.002 -20"><span class='ocrx_word' id='word_1_95' title='bbox 695 2317 893 2381; x_wconf 87' lang='lat' dir='ltr'>posse</span> <span class='ocrx_word' id='word_1_96' title='bbox 956 2311 1155 2366; x_wconf 87' lang='lat' dir='ltr'>nemo</span> <span class='ocrx_word' id='word_1_97' title='bbox 1215 2318 1347 2367; x_wconf 92' lang='lat' dir='ltr'>non</span> <span class='ocrx_word' id='word_1_98' title='bbox 1409 2300 1741 2380; x_wconf 86' lang='lat' dir='ltr'>intelligit.</span> <span class='ocrx_word' id='word_1_99' title='bbox 1806 2301 2076 2367; x_wconf 76' lang='lat' dir='ltr'>L112sms</span> <span class='ocrx_word' id='word_1_100' title='bbox 2137 2301 2417 2367; x_wconf 90' lang='lat' dir='ltr'>coniecit</span> <span class='ocrx_word' id='word_1_101' title='bbox 2477 2303 2647 2383; x_wconf 89' lang='lat' dir='ltr'>quod</span> <span class='ocrx_word' id='word_1_102' title='bbox 2696 2321 2901 2385; x_wconf 90' lang='lat' dir='ltr'>supra</span> 
     </span>
     <span class='ocr_line' id='line_1_16' title="bbox 697 2407 2899 2506; baseline 0.002 -19"><span class='ocrx_word' id='word_1_103' title='bbox 697 2407 1088 2502; x_wconf 83' lang='lat' dir='ltr'>scripsimus</span> <span class='ocrx_word' id='word_1_104' title='bbox 1132 2427 1412 2504; x_wconf 87' lang='lat' dir='ltr'>excepto</span> <span class='ocrx_word' id='word_1_105' title='bbox 1459 2423 1632 2505; x_wconf 90' lang='lat' dir='ltr'>quod</span> <span class='ocrx_word' id='word_1_106' title='bbox 1677 2422 1785 2490; x_wconf 91' lang='lat' dir='ltr'>ille</span> <span class='ocrx_word' id='word_1_107' title='bbox 1832 2441 1949 2506; x_wconf 90' lang='lat' dir='ltr'>pro</span> <span class='ocrx_word' id='word_1_108' title='bbox 1988 2426 2254 2489; x_wconf 81' lang='lat' dir='ltr'>vortant</span> <span class='ocrx_word' id='word_1_109' title='bbox 2294 2423 2565 2505; x_wconf 77' lang='lat' dir='ltr'>scripsit</span> <span class='ocrx_word' id='word_1_110' title='bbox 2602 2429 2899 2493; x_wconf 75' lang='lat' dir='ltr'>vorsant.</span> 
     </span>
     <span class='ocr_line' id='line_1_17' title="bbox 697 2529 2900 2630; baseline 0.004 -23"><span class='ocrx_word' id='word_1_111' title='bbox 697 2541 1134 2614; x_wconf 84' lang='lat' dir='ltr'>Manifestum</span> <span class='ocrx_word' id='word_1_112' title='bbox 1181 2546 1376 2611; x_wconf 69' lang='lat' dir='ltr'>*enim</span> <span class='ocrx_word' id='word_1_113' title='bbox 1439 2547 1547 2612; x_wconf 89' lang='lat' dir='ltr'>est</span> <span class='ocrx_word' id='word_1_114' title='bbox 1602 2547 1779 2611; x_wconf 88' lang='lat' dir='ltr'>inter</span> <span class='ocrx_word' id='word_1_115' title='bbox 1826 2563 1897 2612; x_wconf 88' lang='lat' dir='ltr'>se</span> <span class='ocrx_word' id='word_1_116' title='bbox 1945 2546 2186 2628; x_wconf 88' lang='lat' dir='ltr'>opponi</span> <span class='ocrx_word' id='word_1_117' title='bbox 2231 2546 2560 2628; x_wconf 77' lang='lat' dir='ltr'>homineS‚</span> <span class='ocrx_word' id='word_1_118' title='bbox 2609 2529 2724 2628; x_wconf 66' lang='lat' dir='ltr'>oui</span> <span class='ocrx_word' id='word_1_119' title='bbox 2771 2550 2900 2630; x_wconf 87' lang='lat' dir='ltr'>ipsi</span> 
     </span>
     <span class='ocr_line' id='line_1_18' title="bbox 695 2667 2902 2750; baseline 0.002 -17"><span class='ocrx_word' id='word_1_120' title='bbox 695 2667 938 2748; x_wconf 89' lang='lat' dir='ltr'>aliquid</span> <span class='ocrx_word' id='word_1_121' title='bbox 1003 2668 1260 2734; x_wconf 83' lang='lat' dir='ltr'>faciunt</span> <span class='ocrx_word' id='word_1_122' title='bbox 1311 2672 1382 2735; x_wconf 90' lang='lat' dir='ltr'>et</span> <span class='ocrx_word' id='word_1_123' title='bbox 1427 2669 1548 2750; x_wconf 88' lang='lat' dir='ltr'>qui·</span> <span class='ocrx_word' id='word_1_124' title='bbox 1587 2668 1735 2734; x_wconf 89' lang='lat' dir='ltr'>aliis</span> <span class='ocrx_word' id='word_1_125' title='bbox 1780 2669 2059 2734; x_wconf 85' lang='lat' dir='ltr'>alicuius</span> <span class='ocrx_word' id='word_1_126' title='bbox 2105 2669 2200 2733; x_wconf 92' lang='lat' dir='ltr'>rei</span> <span class='ocrx_word' id='word_1_127' title='bbox 2244 2668 2584 2734; x_wconf 81' lang='lat' dir='ltr'>faciendae</span> <span class='ocrx_word' id='word_1_128' title='bbox 2629 2669 2902 2737; x_wconf 84' lang='lat' dir='ltr'>faculta-</span> 
     </span>
     <span class='ocr_line' id='line_1_19' title="bbox 695 2789 2900 2874; baseline 0.002 -19"><span class='ocrx_word' id='word_1_129' title='bbox 695 2794 839 2856; x_wconf 88' lang='lat' dir='ltr'>tem</span> <span class='ocrx_word' id='word_1_130' title='bbox 893 2792 1233 2872; x_wconf 80' lang='lat' dir='ltr'>praebent.</span> <span class='ocrx_word' id='word_1_131' title='bbox 1283 2791 1638 2872; x_wconf 84' lang='lat' dir='ltr'>Quaeritur</span> <span class='ocrx_word' id='word_1_132' title='bbox 1685 2793 1977 2874; x_wconf 90' lang='lat' dir='ltr'>tantum‚</span> <span class='ocrx_word' id='word_1_133' title='bbox 2037 2791 2193 2873; x_wconf 86' lang='lat' dir='ltr'>quid</span> <span class='ocrx_word' id='word_1_134' title='bbox 2237 2789 2393 2855; x_wconf 84' lang='lat' dir='ltr'>illud</span> <span class='ocrx_word' id='word_1_135' title='bbox 2444 2791 2554 2857; x_wconf 85' lang='lat' dir='ltr'>sit.</span> <span class='ocrx_word' id='word_1_136' title='bbox 2604 2789 2789 2873; x_wconf 83' lang='lat' dir='ltr'>Nego</span> <span class='ocrx_word' id='word_1_137' title='bbox 2834 2794 2900 2860; x_wconf 92' lang='lat' dir='ltr'>id</span> 
     </span>
     <span class='ocr_line' id='line_1_20' title="bbox 694 2892 2897 2999; baseline 0.002 -21"><span class='ocrx_word' id='word_1_138' title='bbox 694 2930 862 2991; x_wconf 87' lang='lat' dir='ltr'>esse,</span> <span class='ocrx_word' id='word_1_139' title='bbox 919 2913 1090 2995; x_wconf 86' lang='lat' dir='ltr'>quod</span> <span class='ocrx_word' id='word_1_140' title='bbox 1138 2892 1505 2979; x_wconf 85' lang='lat' dir='ltr'>arbitratur</span> <span class='ocrx_word' id='word_1_141' title='bbox 1553 2912 2032 2991; x_wconf 80' lang='lat' dir='ltr'>FRIEDR10H¹):</span> <span class='ocrx_word' id='word_1_142' title='bbox 2088 2913 2231 2999; x_wconf 88' lang='lat' dir='ltr'>„die</span> <span class='ocrx_word' id='word_1_143' title='bbox 2276 2914 2520 2980; x_wconf 88' lang='lat' dir='ltr'>andere</span> <span class='ocrx_word' id='word_1_144' title='bbox 2565 2916 2729 2980; x_wconf 82' lang='lat' dir='ltr'>iiber</span> <span class='ocrx_word' id='word_1_145' title='bbox 2775 2916 2897 2982; x_wconf 87' lang='lat' dir='ltr'>das</span> 
     </span>
     <span class='ocr_line' id='line_1_21' title="bbox 693 3014 2899 3119; baseline 0 -17"><span class='ocrx_word' id='word_1_146' title='bbox 693 3036 814 3102; x_wconf 88' lang='grc'><strong>0111</strong></span> <span class='ocrx_word' id='word_1_147' title='bbox 873 3036 1094 3103; x_wconf 87' lang='lat' dir='ltr'>hauen</span> <span class='ocrx_word' id='word_1_148' title='bbox 1158 3035 1282 3119; x_wconf 81' lang='lat' dir='ltr'>(vel</span> <span class='ocrx_word' id='word_1_149' title='bbox 1343 3014 1462 3117; x_wconf 75' lang='lat' dir='ltr'>qui</span> <span class='ocrx_word' id='word_1_150' title='bbox 1512 3037 1650 3118; x_wconf 62' lang='grc' dir='ltr'>τρεῖ</span> <span class='ocrx_word' id='word_1_151' title='bbox 1693 3038 2003 3115; x_wconf 79' lang='lat' dir='ltr'>vortant),</span> <span class='ocrx_word' id='word_1_152' title='bbox 2052 3035 2207 3102; x_wconf 89' lang='lat' dir='ltr'>aber</span> <span class='ocrx_word' id='word_1_153' title='bbox 2263 3072 2332 3081; x_wconf 91' lang='lat'><strong>—</strong></span> <span class='ocrx_word' id='word_1_154' title='bbox 2388 3036 2528 3101; x_wconf 86' lang='lat' dir='ltr'>sich</span> <span class='ocrx_word' id='word_1_155' title='bbox 2575 3038 2748 3102; x_wconf 90' lang='lat' dir='ltr'>auch</span> <span class='ocrx_word' id='word_1_156' title='bbox 2795 3054 2899 3117; x_wconf 89' lang='lat' dir='ltr'>ge-</span> 
     </span>
     <span class='ocr_line' id='line_1_22' title="bbox 691 3156 2894 3238; baseline 0 -13"><span class='ocrx_word' id='word_1_157' title='bbox 691 3157 1048 3238; x_wconf 87' lang='lat' dir='ltr'>legentlich</span> <span class='ocrx_word' id='word_1_158' title='bbox 1107 3156 1318 3224; x_wconf 84' lang='lat' dir='ltr'>selbst</span> <span class='ocrx_word' id='word_1_159' title='bbox 1381 3175 1522 3223; x_wconf 89' lang='lat' dir='ltr'>von·</span> <span class='ocrx_word' id='word_1_160' title='bbox 1571 3157 1822 3222; x_wconf 91' lang='lat' dir='ltr'>andern</span> <span class='ocrx_word' id='word_1_161' title='bbox 1878 3156 2137 3223; x_wconf 89' lang='lat' dir='ltr'>hinters</span> <span class='ocrx_word' id='word_1_162' title='bbox 2180 3156 2343 3222; x_wconf 90' lang='lat' dir='ltr'>licht</span> <span class='ocrx_word' id='word_1_163' title='bbox 2388 3156 2627 3223; x_wconf 78' lang='lat' dir='ltr'>fiihren</span> <span class='ocrx_word' id='word_1_164' title='bbox 2675 3159 2894 3225; x_wconf 88' lang='lat' dir='ltr'>lassen</span> 
     </span>
     <span class='ocr_line' id='line_1_23' title="bbox 693 3278 2901 3364; baseline 0 -17"><span class='ocrx_word' id='word_1_165' title='bbox 693 3282 816 3359; x_wconf 78' lang='lat' dir='ltr'>(vel</span> <span class='ocrx_word' id='word_1_166' title='bbox 880 3282 996 3363; x_wconf 81' lang='lat' dir='ltr'>qui</span> <span class='ocrx_word' id='word_1_167' title='bbox 1055 3280 1232 3356; x_wconf 80' lang='lat' dir='ltr'>aliis,</span> <span class='ocrx_word' id='word_1_168' title='bbox 1298 3282 1374 3344; x_wconf 80' lang='lat' dir='ltr'>ut</span> <span class='ocrx_word' id='word_1_169' title='bbox 1431 3282 1809 3361; x_wconf 78' lang='lat' dir='ltr'>vorsentur,</span> <span class='ocrx_word' id='word_1_170' title='bbox 1864 3278 2321 3361; x_wconf 77' lang='lat' dir='ltr'>praebeant)&#39;&#39;.</span> <span class='ocrx_word' id='word_1_171' title='bbox 2381 3280 2553 3347; x_wconf 89' lang='lat' dir='ltr'>Nam</span> <span class='ocrx_word' id='word_1_172' title='bbox 2599 3282 2670 3346; x_wconf 94' lang='lat' dir='ltr'>in</span> <span class='ocrx_word' id='word_1_173' title='bbox 2718 3298 2901 3364; x_wconf 89' lang='lat' dir='ltr'>prae-</span> 
     </span>
     <span class='ocr_line' id='line_1_24' title="bbox 692 3402 2898 3484; baseline 0.002 -16"><span class='ocrx_word' id='word_1_174' title='bbox 692 3403 890 3470; x_wconf 91' lang='lat' dir='ltr'>bendi</span> <span class='ocrx_word' id='word_1_175' title='bbox 960 3402 1161 3469; x_wconf 86' lang='lat' dir='ltr'>verbo</span> <span class='ocrx_word' id='word_1_176' title='bbox 1229 3402 1476 3484; x_wconf 88' lang='lat' dir='ltr'>aliquid</span> <span class='ocrx_word' id='word_1_177' title='bbox 1549 3403 1728 3468; x_wconf 86' lang='lat' dir='ltr'>inest</span> <span class='ocrx_word' id='word_1_178' title='bbox 1800 3402 2198 3484; x_wconf 87' lang='lat' dir='ltr'>voluntarii;</span> <span class='ocrx_word' id='word_1_179' title='bbox 2272 3420 2467 3469; x_wconf 92' lang='lat' dir='ltr'>nemo</span> <span class='ocrx_word' id='word_1_180' title='bbox 2529 3407 2760 3470; x_wconf 91' lang='lat' dir='ltr'>autem</span> <span class='ocrx_word' id='word_1_181' title='bbox 2824 3424 2898 3472; x_wconf 88' lang='lat' dir='ltr'>se</span> 
     </span>
     <span class='ocr_line' id='line_1_25' title="bbox 692 3521 2893 3608; baseline 0 -17"><span class='ocrx_word' id='word_1_182' title='bbox 692 3526 987 3608; x_wconf 87' lang='lat' dir='ltr'>praebet,</span> <span class='ocrx_word' id='word_1_183' title='bbox 1060 3526 1138 3590; x_wconf 92' lang='lat' dir='ltr'>ut</span> <span class='ocrx_word' id='word_1_184' title='bbox 1207 3524 1594 3606; x_wconf 87' lang='lat' dir='ltr'>decipiatur.</span> <span class='ocrx_word' id='word_1_185' title='bbox 1665 3525 1872 3589; x_wconf 87' lang='lat' dir='ltr'>Recte</span> <span class='ocrx_word' id='word_1_186' title='bbox 1941 3541 2099 3589; x_wconf 89' lang='lat' dir='ltr'>vero</span> <span class='ocrx_word' id='word_1_187' title='bbox 2132 3571 2135 3577; x_wconf 81' lang='grc'><em>.</em></span> <span class='ocrx_word' id='word_1_188' title='bbox 2169 3524 2208 3589; x_wconf 88' lang='lat' dir='ltr'><strong>J</strong></span> <span class='ocrx_word' id='word_1_189' title='bbox 2212 3541 2435 3590; x_wconf 80' lang='lat' dir='ltr'>ORDAN</span> <span class='ocrx_word' id='word_1_190' title='bbox 2464 3521 2517 3608; x_wconf 75' lang='lat'>⁹)</span> <span class='ocrx_word' id='word_1_191' title='bbox 2590 3541 2690 3590; x_wconf 88' lang='lat' dir='ltr'>vs.</span> <span class='ocrx_word' id='word_1_192' title='bbox 2763 3526 2893 3592; x_wconf 85' lang='lat'>483</span> 
     </span>
     <span class='ocr_line' id='line_1_26' title="bbox 692 3645 2894 3726; baseline 0 -14"><span class='ocrx_word' id='word_1_193' title='bbox 692 3645 917 3713; x_wconf 89' lang='lat' dir='ltr'>delens</span> <span class='ocrx_word' id='word_1_194' title='bbox 979 3662 1255 3711; x_wconf 88' lang='lat' dir='ltr'>versum</span> <span class='ocrx_word' id='word_1_195' title='bbox 1318 3646 1448 3711; x_wconf 85' lang='lat'>484</span> <span class='ocrx_word' id='word_1_196' title='bbox 1513 3645 1861 3725; x_wconf 86' lang='lat' dir='ltr'>coniungit</span> <span class='ocrx_word' id='word_1_197' title='bbox 1921 3663 2077 3711; x_wconf 90' lang='lat' dir='ltr'>cum</span> <span class='ocrx_word' id='word_1_198' title='bbox 2129 3662 2230 3710; x_wconf 89' lang='lat' dir='ltr'>vs.</span> <span class='ocrx_word' id='word_1_199' title='bbox 2283 3646 2433 3710; x_wconf 84' lang='lat'>482.</span> <span class='ocrx_word' id='word_1_200' title='bbox 2482 3645 2665 3726; x_wconf 83' lang='lat' dir='ltr'>Quod</span> <span class='ocrx_word' id='word_1_201' title='bbox 2711 3647 2894 3713; x_wconf 89' lang='lat' dir='ltr'>enim</span> 
     </span>
     <span class='ocr_line' id='line_1_27' title="bbox 692 3766 2895 3849; baseline -0 -14"><span class='ocrx_word' id='word_1_202' title='bbox 692 3768 1037 3835; x_wconf 88' lang='lat' dir='ltr'>contendit</span> <span class='ocrx_word' id='word_1_203' title='bbox 1098 3768 1471 3834; x_wconf 73' lang='lat' dir='ltr'>annmon</span> <span class='ocrx_word' id='word_1_204' title='bbox 1532 3768 1818 3849; x_wconf 89' lang='lat' dir='ltr'>pistores</span> <span class='ocrx_word' id='word_1_205' title='bbox 1864 3770 1933 3833; x_wconf 90' lang='lat' dir='ltr'>et</span> <span class='ocrx_word' id='word_1_206' title='bbox 1979 3766 2191 3833; x_wconf 89' lang='lat' dir='ltr'>lanios</span> <span class='ocrx_word' id='word_1_207' title='bbox 2238 3768 2309 3832; x_wconf 91' lang='lat' dir='ltr'>et</span> <span class='ocrx_word' id='word_1_208' title='bbox 2355 3768 2740 3849; x_wconf 86' lang='lat' dir='ltr'>haruspices</span> <span class='ocrx_word' id='word_1_209' title='bbox 2787 3769 2895 3835; x_wconf 91' lang='lat' dir='ltr'>ho·</span> 
     </span>
     <span class='ocr_line' id='line_1_28' title="bbox 692 3888 2896 3971; baseline 0 -15"><span class='ocrx_word' id='word_1_210' title='bbox 692 3891 957 3956; x_wconf 89' lang='lat' dir='ltr'>minum</span> <span class='ocrx_word' id='word_1_211' title='bbox 1016 3907 1164 3957; x_wconf 88' lang='lat' dir='ltr'>esse</span> <span class='ocrx_word' id='word_1_212' title='bbox 1224 3907 1467 3970; x_wconf 87' lang='lat' dir='ltr'>genera</span> <span class='ocrx_word' id='word_1_213' title='bbox 1529 3889 1890 3955; x_wconf 90' lang='lat' dir='ltr'>admodum</span> <span class='ocrx_word' id='word_1_214' title='bbox 1949 3888 2283 3971; x_wconf 86' lang='lat' dir='ltr'>Plautina,</span> <span class='ocrx_word' id='word_1_215' title='bbox 2332 3907 2500 3971; x_wconf 88' lang='lat' dir='ltr'>quae</span> <span class='ocrx_word' id='word_1_216' title='bbox 2548 3890 2602 3955; x_wconf 90' lang='lat' dir='ltr'>si</span> <span class='ocrx_word' id='word_1_217' title='bbox 2653 3890 2723 3955; x_wconf 94' lang='lat' dir='ltr'>in</span> <span class='ocrx_word' id='word_1_218' title='bbox 2772 3891 2896 3957; x_wconf 90' lang='lat' dir='ltr'>hac</span> 
     </span>
     <span class='ocr_line' id='line_1_29' title="bbox 692 4011 2892 4094; baseline 0.002 -16"><span class='ocrx_word' id='word_1_219' title='bbox 692 4029 934 4078; x_wconf 89' lang='lat' dir='ltr'>scaena</span> <span class='ocrx_word' id='word_1_220' title='bbox 994 4030 1129 4078; x_wconf 92' lang='lat' dir='ltr'>non</span> <span class='ocrx_word' id='word_1_221' title='bbox 1192 4015 1744 4094; x_wconf 89' lang='lat' dir='ltr'>memorarentur,</span> <span class='ocrx_word' id='word_1_222' title='bbox 1810 4014 2069 4078; x_wconf 88' lang='lat' dir='ltr'>certum</span> <span class='ocrx_word' id='word_1_223' title='bbox 2128 4011 2519 4078; x_wconf 83' lang='lat' dir='ltr'>adfuturum</span> <span class='ocrx_word' id='word_1_224' title='bbox 2566 4011 2892 4083; x_wconf 89' lang='lat' dir='ltr'>indicium</span> 
     </span>
    </p>
   </div>
   <div class='ocr_carea' id='block_1_3' title="bbox 695 4196 1085 4207">
    <p class='ocr_par' dir='ltr' id='par_1_4' title="bbox 695 4196 1085 4207">
     <span class='ocr_line' id='line_1_30' title="bbox 695 4196 1085 4207; baseline 0 1093"><span class='ocrx_word' id='word_1_225' title='bbox 695 4196 1085 4207; x_wconf 95' lang='lat' dir='ltr'> </span> 
     </span>
    </p>
   </div>
   <div class='ocr_carea' id='block_1_4' title="bbox 3455 1733 3459 2370">
    <p class='ocr_par' dir='ltr' id='par_1_5' title="bbox 3455 1733 3459 2370">
     <span class='ocr_line' id='line_1_31' title="bbox 3455 1733 3459 2370; baseline 0 0"><span class='ocrx_word' id='word_1_226' title='bbox 3455 1733 3459 2370; x_wconf 95' lang='lat' dir='ltr'> </span> 
     </span>
    </p>
   </div>
  </div>
 </body>
</html>
