3459 5300
1558 585 1637 649 41

501 765 725 832 selben
765 767 866 832 als
902 784 1026 832 aus
1055 767 1206 832 dem
1231 767 1769 833 Sklavenstande
1811 768 2390 846 hervorgegangen
2431 784 2512 831 zu
2554 766 2700 829 den·

501 887 655 968 ken,
700 905 900 953 wenn
933 905 1006 952 es
1046 888 1230 953 nicht
1270 888 1739 955 ausdrucklich
1782 889 2162 968 angegeben
2204 886 2437 952 wird.’'
2478 889 2703 968 Atque

501 1009 826 1090 quomodo
892 1009 1093 1073 verba
1163 1011 1379 1093 „recte
1443 1010 1823 1075 monstrat''
1884 1010 2447 1090 vituperationem
2500 1008 2704 1074 conti·

501 1147 660 1196 nere
721 1131 1055 1210 possunt?
1117 1130 1237 1208 (Cf.
1304 1130 1510 1195 Stich.
1585 1132 1757 1214 146).
1824 1132 1913 1196 Et
1975 1130 2300 1212 quomodo
2346 1129 2454 1194 illa
2502 1129 2705 1194 verba

499 1250 814 1331 explicari
875 1254 1196 1334 possunt:
1255 1270 1363 1337 „er
1412 1251 1610 1334 spielt
1660 1254 1804 1318 sich
1851 1251 2072 1317 auf’'‘2>
2119 1253 2261 1317 Iam
2312 1269 2435 1317 sua
2482 1267 2703 1331 propo-

502 1370 637 1437 sita
697 1372 1136 1454 explicatione
1199 1371 1420 1438 Gom-z
1483 1375 1689 1439 verba
1750 1374 2001 1439 tradita
2063 1391 2195 1439 non
2256 1375 2521 1453 poterat
2568 1388 2703 1435 non

505 1497 816 1574 corrupta
875 1497 1133 1575 putare.
1199 1495 1642 1575 Quamobrem
1703 1496 2083 1576 proposuit:
2149 1498 2327 1560 recte
2373 1495 2480 1560 hic
2524 1512 2703 1560 mon-

506 1615 699 1694 strat,
773 1615 1022 1695 quasi
1092 1615 1418 1695 imperare
1483 1616 1765 1696 possit’'‚
1833 1632 2049 1698 neque
2104 1617 2387 1696 probans
2434 1616 2705 1682 DOUSAE

503 1735 986 1801 coniecturam:
1057 1738 1276 1821 „recte
1344 1736 1452 1800 hic
1521 1739 1863 1801 monstrat
1930 1752 2004 1801 se
2071 1736 2397 1817 imperare
2442 1734 2700 1819 posse”,

503 1873 718 1936 neque
788 1857 1265 1922 FLsscKnrsEm:
1346 1861 1563 1942 „recte
1634 1858 1742 1922 hic
1812 1861 2186 1923 monstrat:
2258 1873 2331 1922 se
2377 1858 2705 1938 imperare

503 1977 781 2061 poscit'',
830 1995 1000 2060 quae
1047 1979 1425 2045 coniectura
1472 1997 1580 2044 me
1625 1982 1706 2044 ut
1751 1996 1979 2059 rogem
2025 1979 2303 2054 inducit,
2353 1996 2518 2043 num
2559 1996 2707 2061 pos-

502 2116 643 2163 cere
701 2101 876 2180 apud
937 2101 1251 2166 Plautum
1313 2119 1524 2183 aeque
1585 2119 1662 2167 ac
1713 2105 2060 2184 postulare
2119 2101 2585 2168 accusativum
2646 2120 2701 2166 c.

504 2220 623 2284 inf.
670 2237 900 2285 secum
945 2221 1186 2287 habere
1238 2224 1474 2302 possit.
1768 2201 1777 2209 ⁰

595 2342 1005 2408 Persuasum
1057 2344 1262 2422 igitur
1308 2344 1474 2409 mihi
1521 2345 1730 2411 habeo
1777 2344 1921 2411 illos
1966 2347 2149 2411 viros
2194 2346 2422 2411 doctos
2468 2361 2704 2410 verum

506 2462 773 2544 vidisse,
841 2464 911 2528 in
959 2481 1246 2544 quorum
1297 2470 1462 2530 sunt
1508 2483 1789 2532 numero
1832 2469 2149 2544 ΒῙΒΒΕΟΚ,
2203 2467 2500 2542 ΕΑΝΕΕΝ,
2550 2465 2700 2548 LEO,

507 2585 620 2666 qui
661 2565 1149 2665 perspexerunt
1171 2586 1662 2653 Phaedromum
1702 2588 2080 2655 Curculioni
2110 2589 2444 2655 assentiri.
2486 2588 2703 2655 Nolim

505 2710 738 2771 tamen
807 2708 993 2789 sequi
1049 2708 1451 2790 LANGENUM‚
1501 2711 1614 2790 qui
1661 2711 2082 2777 coniecturae
2127 2730 2167 2776 a
2214 2711 2437 2777 Dousa
2483 2729 2705 2793 propo-

506 2828 678 2892 sitae
726 2830 1220 2909 patrocinatur:
1279 2830 1528 2915 „doch”
1575 2832 1672 2895 ait
1727 2831 1947 2917 „halte
1985 2833 2090 2897 ich
2132 2833 2314 2897 seine
2337 2832 2708 2914 Erklarung

506 2949 614 3014 fur
658 2950 903 3014 falech:
977 2953 1145 3015 satis
1189 2952 1406 3017 verbis
1452 2954 1750 3040 ostendit,
1801 2955 2023 3034 qualis
2058 2955 2257 3035 factis
2273 2957 2354 3038 (ἓ)
2395 2957 2453 3019 et
2498 2973 2704 3036 quam

503 3072 828 3152 impotens
875 3071 1141 3136 demum
1186 3074 1472 3154 futurus
1510 3077 1618 3150 sit,
1658 3076 1722 3139 si
1759 3074 2022 3155 quidem
2060 3075 2440 3157 Imperator
2472 3076 2706 3143 evadat

505 3193 762 3273 scilicet,
825 3193 1281 3258 Phaedromus
1345 3198 1496 3274 sagt
1563 3195 1917 3260 vielmehr:
1976 3195 2111 3261 ‘der
2175 3197 2353 3275 zeigt
2420 3197 2576 3261 dass
2635 3214 2708 3261 er

505 3314 746 3393 richtig
791 3314 1108 3393 ordnung
1153 3315 1382 3379 halten
1429 3316 1684 3381 konnte
1733 3321 1932 3382 unter
1969 3318 2095 3383 den
2135 3317 2448 3395 Sklaven‚
2487 3318 2593 3383 die
2632 3336 2706 3383 es

501 3438 674 3519 jetzt
734 3454 817 3501 zu
880 3439 1053 3501 bunt
1098 3436 1448 3501 treiben'.”
1501 3422 1678 3502 Nam
1721 3438 1866 3503 iure
1912 3442 2185 3504 textum
2230 3439 2557 3504 traditum
2604 3440 2704 3505 de-

506 3559 773 3624 fendere
855 3562 1164 3638 recteque
1250 3558 1680 3640 interpretari
1764 3559 1932 3624 mihi
2017 3560 2331 3626 videntur
2404 3562 2705 3626 ΒΙΒΒΕΟΚ

506 3680 763 3764 („seine
833 3678 1164 3758 Weisung
1233 3680 1326 3744 ist
1395 3698 1563 3761 ganz
1629 3680 1949 3761 treffend3
2025 3698 2224 3746 wenn
2293 3698 2364 3746 er
2431 3699 2560 3747 nur
2618 3699 2705 3747 zu

507 3800 1004 3865 commandiren
1043 3800 1237 3865 hatte
1258 3800 1348 3884 !”)
1393 3804 1464 3866 et
1508 3798 1663 3881 Lno,
1712 3801 1828 3881 qui
1874 3804 2216 3883 comparat
2260 3802 2458 3866 Poen.
2502 3800 2632 3867 550
2664 3802 2707 3881 ¹)

506 3923 576 3983 et
637 3919 875 3985 Pseud.
941 3922 1090 3985 976.
1158 3921 1472 3986 conferas
1531 3922 1739 3987 etiam
1804 3921 1993 3987 Curc.
2059 3922 2211 4005 321,
2264 3923 2501 3988 Pseud.
2552 3925 2701 3999 749,

508 4039 662 4117 997,
709 4040 871 4107 Cist.
924 4043 1072 4119 734,
1123 4042 1332 4108 Stich.
1387 4044 1535 4124 112,
1585 4043 1732 4108 Cas.
1783 4045 1935 4108 668.

597 4161 858 4243 Restat,
930 4166 1011 4227 ut
1078 4164 1392 4230 nonnulla
1461 4165 1540 4230 de
1611 4164 1887 4231 Gomzn
1958 4165 2332 4245 suspicione
2415 4165 2703 4248 quadam

581 4420 638 4488 1)
676 4418 779 4474 Hic
817 4437 998 4473 versus
1034 4418 1234 4473 deletur
1269 4436 1301 4472 a
1336 4418 1626 4474 Lmemm.
