3459 5300
1819 569 1946 635 150

766 751 1231 816 admirationis
1268 768 1512 816 nomen
1551 752 1765 833 patris
1801 751 2046 833 repetit
2063 773 2079 833 3
2119 753 2480 833 quominus
2517 757 2752 820 autem
2783 754 2971 835 plura

767 873 967 956 dicat,
1029 872 1238 938 animi
1293 875 1480 938 motu
1529 873 1911 954 impeditur.
1960 873 2220 939 Placide
2266 874 2418 939 inde
2466 874 2658 940 miles
2705 893 2975 942 narrare

768 995 1020 1076 pergit:
1118 995 1222 1081 „Is
1290 994 1479 1075 prius
1530 1011 1747 1075 quam
1809 995 2094 1059 moritur
2157 995 2323 1060 mihi
2382 995 2564 1061 dedit
2626 1000 2975 1077 tamquam

770 1133 910 1197 su0‚
1006 1116 1103 1181 Ut
1170 1133 1454 1197 aequom
1520 1115 1764 1190 fuerat,
1833 1113 2031 1180 filio.’'
2101 1115 2201 1181 Ne
2263 1133 2440 1181 nunc
2501 1117 2768 1198 quidem
2836 1118 2974 1182 Pla-

770 1237 1034 1302 nesium
1124 1255 1281 1320 prae
1373 1237 1584 1303 nimia
1675 1238 1926 1303 mentis
2016 1238 2518 1320 perturbatione
2612 1240 2976 1322 quidquam

768 1359 903 1424 nisi
981 1375 1137 1444 „pro
1211 1357 1555 1440 Iuppiter’'
1639 1356 1924 1424 clamare
1999 1362 2242 1439 potest.
2317 1359 2489 1424 Tum
2559 1360 2785 1426 miles:
2867 1364 2975 1447 „et

770 1479 945 1545 isto’'
998 1479 1045 1562 ¹)
1138 1497 1247 1544 me
1340 1479 1653 1544 heredem
1741 1478 1967 1545 fecit.'’
2083 1479 2280 1545 Nunc
2360 1480 2634 1545 demum
2719 1482 2974 1562 puellae

769 1603 1049 1664 eatenus
1095 1599 1302 1664 animi
1352 1599 1694 1664 redierunt
1744 1599 1938 1682 vires
1988 1603 2069 1664 ut
2114 1616 2325 1681 pauca
2369 1598 2549 1681 loqui
2594 1602 2841 1681 possit:
2899 1620 2976 1688 „o

769 1720 997 1786 Pietas
1067 1738 1234 1797 mea,
1300 1720 1507 1787 Serva
1568 1737 1696 1802 me,
1761 1721 2024 1802 quando
2084 1738 2203 1802 ego
2266 1726 2336 1788 te
2400 1723 2666 1788 servavi
2727 1723 2975 1790 sedulo,

770 1841 1004 1907 Frater
1066 1843 1177 1922 mi,
1234 1842 1486 1908 salve.”
1534 1843 1725 1908 Miles
1770 1846 2022 1929 autem,
2073 1844 2179 1910 cui
2228 1843 2526 1910 nondum
2573 1845 2672 1909 ita
2716 1861 2978 1925 persua-

770 1979 924 2028 sum
982 1966 1090 2028 est
1150 1963 1230 2027 de
1289 1963 1579 2028 veritate
1638 1963 1819 2029 illius
1879 1962 1995 2041 rei,
2059 1966 2282 2043 rogat:
2331 1963 2484 2049 „qui
2531 1964 2797 2029 credam
2856 1980 2976 2043 ego

768 2085 947 2150 istuc
962 2085 1041 2148 ’ν’
1081 2084 1248 2167 (scil.
1290 2102 1393 2150 me
1431 2087 1625 2151 tuum
1655 2085 1947 2166 fratrem
1969 2086 2150 2170 esse).
2179 2085 2359 2166 Quae
2382 2086 2587 2151 verba
2609 2084 2894 2150 Munnnn
2919 2085 2973 2168 2)

769 2221 902 2270 non
965 2205 1263 2271 eiusdem
1321 2223 1564 2271 versus
1622 2222 1773 2271 esse
1818 2210 2052 2271 censet
2095 2205 2288 2271 cuius
2332 2206 2537 2271 verba
2581 2221 2749 2287 quae
2795 2222 2972 2286 prae·

769 2325 1035 2391 cedunt.
1072 2327 1300 2391 Etiam
1339 2327 1474 2392 Lno
1512 2326 1831 2408 primitus
1868 2327 1974 2392 hic
2006 2327 2196 2408 plura
2216 2326 2566 2392 exstitisse
2590 2327 2973 2408 existimat;

769 2450 1055 2512 annotat
1098 2447 1313 2512 enim:
1372 2448 1572 2530 „haec
1620 2447 1692 2512 in
1743 2448 2014 2514 brevius
2059 2451 2400 2514 contracta
2446 2465 2596 2513 esse
2633 2449 2976 2530 apparet.''

770 2566 953 2647 Quod
983 2569 1064 2632 ut
1088 2570 1471 2634 statuerent
1496 2568 1654 2649 quid
1680 2585 1794 2634 eos
1819 2569 2126 2651 moverit,
2156 2585 2265 2634 me
2286 2569 2556 2649 quidem
2579 2568 2770 2634 fallit.
2797 2569 2977 2636 Nihil

768 2688 1041 2753 omnino
1099 2689 1415 2773 desidem,
1471 2707 1683 2772 neque
1729 2690 2204 2757 contractionis
2247 2691 2459 2756 ullum
2505 2708 2792 2771 agnosco
2838 2710 2976 2759 ves·

770 2808 1031 2887 tigium.
1096 2809 1194 2875 De
1252 2810 1523 2876 nomine
1583 2810 1797 2892 patris
1859 2812 2184 2876 nimirum
2233 2811 2433 2876 militi
2479 2829 2612 2877 non
2657 2830 2825 2895 opus
2869 2796 2978 2881 est

769 2930 1207 3009 interrogare:
1255 2934 1327 2996 et
1371 2948 1457 3027 ex
1503 2930 1797 2997 Planesii
1843 2932 2444 2999 exclamationibus
2491 2936 2562 2998 et
2606 2934 2760 2999 inde
2804 2936 2977 3016 quod

769 3053 927 3132 post
964 3050 1419 3116 narrationem
1458 3052 1541 3116 ab
1576 3067 1656 3116 ea
1692 3051 1900 3117 frater
1935 3052 2029 3117 sit
2054 3056 2354 3137 vocatuS,
2381 3053 2571 3120 facile
2593 3054 2974 3121 concludere

769 3174 995 3254 potest
1019 3152 1245 3236 ¹etiam
1294 3171 1471 3237 illius
1516 3172 1693 3253 patri
1745 3189 1992 3238 nomen
2041 3190 2190 3239 esse
2238 3173 2588 3256 Periplani.

802 3492 813 3502 .
858 3430 961 3479 vs.
1024 3414 1153 3478 644
1216 3431 1358 3495 sqq.
1422 3414 1667 3480 Narrat
1726 3414 2128 3499 Planesium,
2196 3433 2328 3497 qua
2381 3418 2721 3484 occasione
2782 3423 2975 3501 rapta

772 3535 894 3599 sit:

771 3656 922 3720 644.
950 3655 1081 3720 645
1114 3656 1210 3721 Ea
1255 3655 1421 3739 (scil.
1482 3657 1750 3742 nutrix)
1813 3673 1921 3722 me
1985 3662 2407 3739 spectantem
2468 3659 2716 3727 tulerat
2746 3659 2797 3745 ⁸)
2857 3679 2974 3743 per

2513 3782 2882 3865 [Dionysia.

950 3900 1316 3981 Postquam
1362 3899 1472 3965 illo
1519 3902 1808 3965 ventum
1853 3905 1977 3982 est,
2025 3903 2180 3977 iam,
2232 3906 2312 3967 ut
2360 3920 2469 3969 me
2515 3903 2969 3987 collocaverat,

951 4021 1266 4087 Exoritur
1312 4023 1561 4087 ventus
1608 4023 1824 4105 turb0,
1877 4022 2207 4105 spectacla
2252 4021 2344 4090 ibi
2394 4034 2613 4103 ruont,

838 4232 895 4301 1)
932 4231 1103 4285 Recte
1139 4230 1260 4285 Lno
1296 4248 1389 4301 pro
1430 4231 1539 4285 iste.

842 4317 893 4379 2)
930 4316 964 4371 1.
1001 4316 1037 4371 l.
1073 4335 1125 4387 p.
1165 4317 1287 4375 712.

842 4405 898 4474 3)
937 4402 1250 4458 Dubitanter
1283 4402 1404 4456 Lno
1436 4404 1616 4473 tetulit,
1650 4402 1868 4459 fortasse
1906 4410 2058 4463 recte.
2100 4405 2315 4462 Confert
2354 4407 2516 4463 Poen.
2552 4408 2710 4475 1067,
2731 4408 2860 4465 cist.
2883 4409 2971 4465 90.
