3459 5300
1568 581 1689 643 111

526 759 699 827 delet
744 778 900 828 cum
947 763 1313 829 Munnnnsso
1344 762 1391 848 ¹)
1444 761 1605 828 Lno:
1659 762 2021 848 „mendicis
2059 779 2177 829 cur
2218 781 2292 830 se
2329 763 2726 832 adnumeret

526 882 709 950 nulla
754 882 1023 950 causa’'.
1094 884 1351 950 Versus
1397 884 1673 965 insuper
1716 883 2005 964 insignis
2049 887 2158 950 est
2205 889 2474 967 propter
2518 887 2727 952 brevi·

526 1007 763 1087 tatem,
813 1008 894 1070 ut
940 1004 1299 1071 verisimile
1347 1005 1439 1070 sit
1484 1005 1857 1086 ascriptum
1901 1021 2060 1070 eum
2106 1022 2275 1071 esse.
2336 1006 2571 1087 Itaque
2615 1025 2726 1089 ap·

528 1125 739 1209 paret,
779 1127 971 1192 cuius
1010 1127 1104 1192 rei
1142 1126 1359 1206 gratia
1399 1127 1774 1192 Trinummi
1812 1126 2029 1192 locum
2072 1128 2380 1209 tractavi,
2407 1128 2724 1207 Plautum

526 1267 890 1332 usurpasse
950 1251 1235 1316 formam
1295 1252 1714 1315 contractam
1775 1250 1961 1315 dites.
2017 1249 2438 1331 Quamquam
2484 1251 2724 1316 statim

525 1371 694 1438 addo
738 1370 1040 1436 numeris
1085 1371 1535 1452 anapaesticis
1576 1357 1917 1436 licentiam
1968 1371 2285 1436 maiorem
2332 1388 2482 1437 esse
2524 1389 2727 1454 quam

526 1492 829 1559 iambicis
853 1492 1363 1574 trochaicisque.
1390 1491 1520 1557 Sed
1545 1492 1669 1558 hoc
1692 1494 1873 1557 certe
1893 1490 2137 1573 liquido
2159 1497 2434 1574 apparet
2457 1498 2726 1575 poetam

526 1613 814 1681 formam
858 1617 1279 1681 contractam
1327 1616 1559 1680 notam
1606 1613 1943 1680 habuisse.
1993 1613 2080 1679 Et
2124 1614 2297 1680 hanc
2341 1615 2528 1681 Curc.
2572 1617 2654 1684 47
2663 1619 2724 1694 2,

527 1738 609 1801 ut
654 1737 786 1801 huc
830 1737 1120 1811 redeam,
1165 1736 1311 1802 ideo
1357 1735 1742 1801 adhibuisse
1787 1750 1943 1800 eum
1991 1735 2314 1817 suspicor,
2351 1740 2432 1802 ut
2468 1739 2729 1804 assimi-

430 1837 436 1842 ’
522 1856 845 1924 lationem
890 1857 1193 1922 redderet
1238 1857 1735 1937 venustiorem3
1785 1873 1945 1922 nam
1990 1873 2168 1923 nunc
2214 1862 2285 1924 et
2321 1861 2559 1924 ambae
2597 1860 2726 1944 syl·

525 1977 729 2061 labae,
793 1995 963 2060 quae
1023 1995 1065 2044 a
1126 1978 1329 2044 simili
1388 1977 1616 2044 littera
1664 1976 2015 2060 incipiunt,
2063 1983 2308 2046 extant
2353 1981 2424 2047 in
2471 1983 2606 2048 arsi
2653 1987 2724 2050 et

529 2116 727 2166 voces
788 2097 1124 2171 ἁσυνδέτως
1190 2099 1706 2179 coniunguntur.
1770 2097 1916 2164 Non
1971 2101 2205 2165 autem
2249 2102 2481 2167 eodem
2527 2103 2722 2171 modo

524 2237 629 2286 vs.
680 2220 812 2286 475
857 2221 1073 2287 forma
1117 2223 1465 2287 contracta
1511 2219 1822 2302 explicari
1871 2222 2117 2302 potest.
2172 2222 2486 2289 Fortasse
2531 2228 2726 2306 poeta

527 2343 637 2409 hic
680 2343 863 2410 illam
909 2343 1286 2425 usurpavit,
1336 2343 1652 2424 quoniam
1698 2359 1938 2410 versus
1978 2344 2107 2408 472
2145 2344 2361 2411 forma
2381 2351 2727 2414 contracta

528 2465 591 2531 ei
656 2465 873 2532 adhuc
932 2466 1006 2530 in
1065 2468 1295 2531 mente
1355 2465 1706 2546 haerebat3
1772 2465 1887 2530 sed
1951 2464 2160 2531 etiam
2222 2483 2486 2534 sumere
2546 2468 2723 2547 licet,

525 2587 849 2671 principio
911 2604 1182 2655 versum
1246 2586 1439 2655 aliter
1495 2587 1988 2654 conformatum
2047 2589 2276 2667 fuisse,
2340 2590 2560 2657 velut:
2615 2592 2720 2680 „in

526 2710 665 2777 foro
723 2711 954 2778 infimo
1016 2711 1365 2776 ambulant
1419 2710 1572 2776 boni
1619 2710 1927 2775 homines
1970 2714 2174 2792 atque
2219 2711 2531 2794 divites’';
2579 2714 2725 2781 sive

524 2832 697 2913 quod
741 2833 1092 2899 ambulant
1137 2833 1453 2913 primitus
1498 2831 1829 2897 omissum
1876 2832 1947 2896 in
1981 2832 2203 2905 ,medio
2242 2850 2461 2915 versu,
2490 2840 2726 2916 postea

523 2958 754 3039 autem
821 2955 891 3019 in
942 2954 1252 3041 *margine
1314 2953 1641 3027 additum,
1708 2952 1805 3018 sic
1865 2951 2086 3017 locum
2145 2954 2408 3019 invenit
2471 2956 2542 3021 in
2589 2957 2725 3024 fine

526 3090 765 3140 versus
826 3077 1029 3155 atque
1088 3074 1329 3155 effecit,
1378 3077 1457 3137 ut
1503 3072 1738 3137 divites
1783 3089 1964 3137 nunc
2013 3074 2213 3139 metri
2259 3090 2461 3140 causa
2507 3080 2725 3144 muta·

524 3198 711 3261 retur
754 3196 823 3261 in
871 3195 1071 3276 dites;
1128 3194 1274 3260 sive
1319 3194 1491 3276 quod
1536 3194 1902 3277 ambulant,
1951 3198 2310 3275 postquam
2357 3198 2586 3262 versui
2631 3215 2730 3263 se-

525 3318 760 3399 quenti
820 3316 1193 3399 explicandi
1246 3315 1460 3397 gratia
1504 3316 1876 3395 ascriptum
1923 3318 2054 3392 est,
2101 3316 2168 3381 in
2219 3318 2727 3398 praecedentem

524 3453 802 3503 versum
860 3437 1199 3503 aberravit
1258 3439 1462 3517 atque
1520 3451 1723 3501 causa
1782 3436 2056 3502 exstitit
2100 3455 2218 3503 cur
2261 3440 2610 3506 ambulant
2653 3442 2725 3506 in

528 3558 745 3624 medio
793 3575 993 3624 versu
1038 3558 1386 3624 deleretur.

617 3680 931 3746 Vidimus
989 3680 1278 3745 offensas
1339 3677 1758 3759 prosodiacas
1817 3678 1890 3743 in
1951 3696 2196 3745 scaena
2256 3697 2388 3747 non
2436 3682 2725 3749 inveniri

523 3805 726 3883 atque
788 3801 979 3883 siqua
1039 3803 1270 3866 exstat
1331 3774 1519 3865 facile
1582 3815 1735 3863 eam
1800 3798 1940 3863 tolli
2002 3817 2218 3881 posse.
2278 3801 2509 3882 Neque
2552 3804 2725 3886 quod

522 3939 714 4003 porro
766 3920 1047 3987 LAnenN
1092 3922 1160 3985 in
1210 3920 1506 3986 medium
1555 3920 1808 4001 profert
1852 3923 2086 3986 contra
2134 3938 2236 3987 vs.
2288 3922 2420 3988 475
2465 3924 2574 4001 (de
2619 3942 2720 3991 vs,

522 4046 651 4113 472
714 4048 786 4109 et
839 4043 972 4108 485
1018 4060 1223 4124 supra
1268 4044 1502 4108 actum
1549 4042 1701 4125 est),
1752 4040 1954 4106 ullius
1999 4044 2108 4107 est
2153 4044 2509 4109 momenti:
2569 4046 2723 4131 „der

518 4165 691 4231 Vers
754 4165 885 4231 475
946 4165 1206 4231 endlich
1273 4164 1366 4229 ist
1428 4163 1667 4228 darum
1729 4162 2129 4246 verdaohtig,
2197 4165 2350 4229 weil
2410 4171 2606 4233 sonst
2648 4168 2720 4233 in

592 4420 650 4490 1)
687 4419 1041 4476 Plautinische
1075 4420 1327 4477 Prosodie
1361 4438 1413 4493 p.
1452 4422 1573 4474 244.
