3459 5300
1599 589 1686 654 83

539 770 687 836 eine
729 771 799 835 111
845 770 1017 836 Rom
1065 771 1275 837 selbst
1323 771 1491 837 noch
1538 769 1863 847 fehlende‚
1911 772 2070 837 aber
2113 770 2630 852 beispielsweise
2674 770 2743 836 111

538 890 668 957 den
729 891 1247 974 campanischen
1309 891 1595 958 Stadten
1656 911 1742 958 zu
1798 893 2105 959 findende
2150 892 2594 974 Einrichtung
2638 893 2743 958 be·

540 1031 661 1095 zog
675 1012 802 1098 ‘?’'),
863 1013 1029 1080 haec
1087 1013 1310 1096 opinio
1371 1015 1515 1079 veri
1569 1016 1860 1096 speciem
1906 1015 2035 1080 sibi
2082 1014 2417 1080 vindicare
2460 1032 2593 1080 non
2639 1032 2743 1096 po-

541 1137 702 1212 test,
762 1136 1056 1217 primum
1118 1139 1388 1218 propter
1450 1136 1740 1202 similem
1801 1153 2043 1202 versus
2089 1135 2505 1202 Curculionis
2548 1137 2740 1202 ratio·

543 1274 717 1338 nem,
783 1256 1018 1321 deinde
1076 1255 1252 1337 quod
1314 1273 1552 1323 versus
1612 1256 1707 1322 810
1756 1257 2055 1322 multum
2099 1255 2341 1338 leporis
2387 1257 2495 1322 sui
2538 1256 2743 1338 perdi·

542 1383 742 1445 turus
801 1381 1016 1460 esset3
1084 1395 1300 1460 neque
1363 1365 1544 1445 enim
1602 1378 1900 1460 plerique
1954 1379 2367 1460 spectatores
2410 1379 2509 1444 ita
2553 1377 2743 1443 facile

543 1501 624 1566 de
690 1502 821 1569 alia
888 1502 995 1567 hic
1064 1501 1491 1581 cogitandum
1561 1501 1722 1566 urbe
1792 1503 1987 1566 erant
2055 1499 2458 1566 intellecturi
2528 1517 2743 1581 neque

543 1627 909 1703 antequam
945 1623 1198 1688 Romae
1235 1625 1428 1688 erant
1466 1623 1603 1688 iam
1641 1622 1773 1688 alia
1809 1622 2049 1703 oppida
2087 1620 2395 1687 basilicas
2432 1621 2747 1686 habuisse

545 1743 810 1810 aliunde
854 1743 1175 1810 innotuit.

638 1866 821 1947 Quod
883 1869 1052 1932 sunt
1111 1866 1227 1947 qui
1285 1868 1531 1946 putent
1593 1883 1679 1931 ex
1730 1865 2054 1945 singulari
2099 1882 2377 1931 numero
2430 1865 2595 1950 „sub
2640 1864 2749 1929 ba-

547 1985 773 2054 silica”
818 2004 1136 2070 apparere
1183 1990 1348 2053 tunc
1393 2005 1602 2054 unam
1649 1990 1923 2053 tantum
1970 1987 2179 2054 fuisse
2225 1986 2591 2062 basilicam,
2624 1985 2748 2050 hoc

547 2110 715 2176 mihi
753 2127 886 2176 non
940 2110 1038 2175 ita
1084 2112 1345 2175 certum
1381 2109 1681 2190 videtur3
1724 2127 1885 2176 nam
1916 2109 2479 2192 quemadmodum
2524 2106 2746 2172 collec-

545 2231 689 2297 tive
726 2231 854 2297 dici
892 2235 1117 2313 potest
1155 2250 1211 2298 0.
1239 2248 1299 2312 g.
1334 2234 1440 2318 „in
1487 2230 1975 2314 thermipolio”‚
1998 2234 2094 2298 sic
2136 2231 2348 2298 etiam
2393 2231 2520 2297 dici
2550 2246 2747 2313 posse

545 2353 861 2419 existimo
929 2354 1091 2439 „sub
1153 2352 1465 2419 basilica''
1520 2354 1727 2419 etiam
1773 2356 1947 2430 tum,
1972 2371 2127 2420 cum
2151 2354 2288 2418 iam
2311 2352 2534 2435 plures
2558 2355 2743 2418 sunt.

638 2476 988 2557 Nusquam
1045 2475 1202 2542 alibi
1262 2476 1674 2543 mentionem
1736 2477 1880 2542 fieri
1942 2477 2021 2542 de
2083 2476 2355 2542 basilica
2406 2476 2741 2558 Plautina,

546 2616 679 2665 non
713 2601 840 2682 est,
881 2616 999 2665 cur
1036 2599 1378 2667 miremur.
1419 2599 1790 2681 Postquam
1827 2598 1992 2666 Cato
2015 2598 2356 2665 basilicam
2378 2598 2739 2681 exstruxit,

547 2737 716 2803 quae
778 2720 917 2787 sola
978 2738 1095 2802 per
1154 2737 1228 2787 se
1289 2722 1517 2787 stabat
1576 2738 1792 2803 neque
1851 2725 1997 2786 erat
2059 2722 2375 2786 adiuncta
2420 2719 2741 2799 taberniS,

545 2843 852 2910 basilicae
911 2861 1152 2909 nomen
1214 2844 1284 2909 in
1343 2843 1504 2909 illud
1559 2844 1831 2909 transiit
1873 2843 2324 2909 aedificiorum
2368 2859 2599 2921 genus.
2649 2841 2745 2905 De

546 2982 678 3046 qua
738 2962 812 3030 re
873 2967 1054 3031 recte
1107 2964 1410 3046 disputat
1469 2964 1766 3031 Granum
1796 2961 1882 3044 ¹):
1944 2982 2105 3051 „aus
2152 2966 2266 3030 der
2311 2965 2501 3029 mehr
2546 2980 2745 3044 popu-

545 3087 728 3152 laren
791 3087 929 3152 und
989 3086 1336 3167 zufalligen
1396 3085 1866 3167 Bezeichnung
1926 3086 2040 3151 der
2100 3084 2572 3165 Hallenanlage
2633 3084 2747 3149 der

547 3208 604 3273 N
611 3208 1050 3273 ordtabernen
1113 3190 1397 3273 Basilica
1455 3208 1809 3289 (porticus)
1870 3206 1990 3272 hat
2050 3207 2190 3273 sich
2244 3207 2498 3272 sodann
2545 3204 2747 3270 Wort

547 3330 686 3396 und
734 3330 986 3411 Begriff
1025 3331 1142 3395 der
1184 3330 1510 3396 letzteren
1556 3330 1789 3410 gelost,
1838 3330 1939 3395 als
1984 3329 2071 3394 M.
2112 3327 2385 3395 Porcius
2424 3328 2588 3393 Cato
2626 3326 2746 3391 das

547 3459 726 3522 erste
773 3456 1221 3535 selbstandige
1267 3454 1579 3520 Gebaude
1627 3454 2002 3536 errichtete,
2046 3451 2327 3517 welches
2365 3449 2743 3516 demselben

547 3578 830 3643 Zwecke
871 3577 1114 3657 diente,
1163 3577 1316 3641 dem
1347 3575 1500 3656 jene
1547 3574 1785 3640 Hallen
1823 3575 1895 3640 in
1938 3574 2128 3639 mehr
2166 3568 2744 3638 nebensachlicher

547 3699 778 3765 Weise
823 3697 1092 3777 gedient
1134 3695 1440 3763 hatten'’.

634 3818 988 3886 Basilicam
1035 3822 1263 3884 autem
1309 3819 1558 3884 aetatis
1602 3818 1955 3884 Plautinae
2001 3817 2333 3899 porticum
2358 3833 2512 3881 cum
2538 3814 2748 3880 Novis

544 3940 944 4021 argentariis
1003 3940 1432 4006 coniunctam
1493 3938 1776 4017 intelligi
1838 3940 2047 4004 etiam
2103 3936 2303 4004 aliam
2348 3937 2429 4002 ob
2475 3950 2748 4001 causam

545 4061 908 4129 verisimile
952 4065 1093 4141 est;
1143 4078 1304 4127 nam

727 4183 981 4249 Ibidem
1027 4186 1230 4248 erunt
1254 4186 1473 4249 scorta
1519 4183 1793 4248 exoleta
1831 4182 2076 4264 quique
2123 4180 2430 4262 stipulari
2469 4179 2706 4244 solent.

624 4442 683 4510 1)
719 4438 758 4494 l.
797 4438 834 4493 l.
869 4456 921 4510 p.
959 4438 1080 4494 211.
