3459 5300
1331 1497 1705 1582 CAPUT
1769 1498 1919 1582 XI.

1057 2025 1158 2093 De
1205 2025 1644 2094 Curculionis
1689 2029 1853 2094 actu
1901 2027 2174 2109 quinto.

606 2245 704 2293 vs,
759 2203 893 2292 599'
935 2246 1076 2311 sqq.
1157 2227 1459 2294 Curculio
1529 2228 1643 2292 vix
1712 2228 1894 2295 foras
1943 2245 2015 2294 se
2060 2228 2372 2311 abripuit,
2424 2231 2505 2292 ut
2553 2227 2715 2292 effu·

517 2348 657 2427 giat
718 2347 1120 2424 Planesium,
1183 2365 1373 2430 quae,
1420 2353 1780 2431 postquam
1840 2352 2191 2431 conspexit
2251 2348 2553 2423 anulum,
2611 2364 2718 2412 ne-

515 2470 705 2548 ganti
754 2487 826 2536 se
873 2470 1211 2536 dicturum
1259 2487 1427 2551 esse,
1478 2470 1652 2535 unde
1699 2469 1889 2535 illum
1934 2470 2227 2552 haberet,
2270 2487 2428 2538 eum
2464 2469 2715 2550 eripere

516 2591 800 2659 volebat.
850 2593 1056 2674 Virgo
1100 2595 1330 2659 autem
1378 2609 1533 2660 oum
1587 2591 1997 2659 Phaedromo
2045 2593 2107 2659 ei
2151 2592 2399 2659 instat:

697 2714 823 2779 PL.
851 2715 1279 2792 Phaedrome,
1306 2731 1605 2797 propera.
1649 2714 1790 2779 PH.
1818 2715 1985 2796 Quid
2016 2716 2410 2797 properem?
2450 2715 2575 2780 PL.
2603 2714 2716 2780 Pa-

1811 2838 2120 2916 [rasitum
2167 2854 2253 2903 ne
2297 2836 2623 2902 amiseris,

518 2960 650 3025 600
696 2959 937 3038 Magna
981 2974 1090 3023 res
1127 2961 1252 3023 est.
1291 2958 1432 3023 PH.
1476 2957 1674 3024 Nulla
1712 2961 1821 3024 est
1859 2959 2042 3041 mihi,
2086 2976 2245 3023 nam
2267 2976 2470 3039 quam
2495 2956 2716 3033 habui,

1894 3079 2263 3159 [absumpsi
2308 3079 2625 3144 celeriter.

699 3200 827 3265 PL.
893 3201 1127 3267 Teneo.
1194 3201 1332 3267 PH.
1400 3201 1567 3282 Quid
1631 3202 1979 3281 negotist?
2039 3199 2166 3264 PL.
2234 3200 2493 3284 Rogita,
2541 3200 2718 3265 unde

1740 3323 1991 3402 [istunc
2036 3321 2282 3388 habeat
2324 3320 2624 3388 anulum.

698 3446 897 3512 Pater
937 3446 1150 3510 istum
1184 3460 1376 3511 meus
1415 3445 1771 3524 gestitavit
1809 3463 1850 3505 εκ
1891 3444 1960 3511 C.
2001 3446 2100 3508 At
2140 3462 2290 3509 mea
2330 3447 2714 3510 matertera.

700 3567 827 3633 PL.
878 3568 1093 3633 Mater
1152 3567 1208 3632 ei
1269 3567 1596 3632 utendum
1648 3565 1940 3632 dederat.
1989 3565 2058 3632 C.
2108 3565 2309 3631 Pater
2333 3562 2373 3635 †
2421 3567 2567 3632 uois
2614 3583 2717 3630 ru·

2282 3705 2435 3752 sum
2482 3687 2625 3751 tibi.

701 3809 829 3875 PL.
895 3810 1123 3889 Nugas
1182 3808 1412 3888 garris.
1477 3807 1546 3874 C.
1609 3808 1817 3883 Soleo,
1874 3826 2033 3874 nam
2081 3688 2351 3891 propior
2396 3824 2511 3874 eas
2560 3808 2717 3874 vivo

2327 3929 2626 4009 [facilius.

520 4053 653 4119 605
699 4053 827 4118 PL.
891 4052 1058 4135 Quid
1123 4052 1354 4117 nuno?
1415 4052 1704 4131 obsecr0,
1778 4053 2091 4131 parentes
2160 4068 2245 4117 ne
2309 4068 2492 4118 meos
2554 4051 2718 4117 mihi

2238 4174 2626 4257 [prohibeas

703 4297 774 4363 C.
841 4297 1009 4381 Quid
1068 4296 1237 4378 ego?
1294 4296 1420 4363 sub
1480 4310 1835 4375 gemmane
1880 4296 2229 4362 abstrusos
2273 4296 2483 4362 habeo
2528 4300 2720 4361 tuam

1852 4419 2160 4497 [matrem
2210 4422 2279 4483 et
2326 4414 2628 4499 patrem?
