3459 5300
1815 542 1894 604 18

747 719 1108 800 aberretur,
1177 720 1406 800 itaque
1472 739 1654 786 mmo
1718 724 1897 786 enim
1966 722 2267 804 scripsi.”
2342 723 2668 789 Videmus
2727 737 2941 802 neque

747 837 1153 905 Gnouovrmr
1223 857 1435 923 neque
1504 841 1886 908 Ussmenm
1956 845 2287 910 salsuram
2346 859 2611 910 sumere
2681 841 2941 924 proprio

747 977 972 1036 senen,
1021 963 1136 1027 sed
1183 979 1336 1027 eam
1380 963 1707 1029 salsuram
1756 965 2139 1046 intelligere,
2196 965 2498 1051 „quam”,
2548 967 2629 1029 ut
2679 962 2941 1028 laudem

746 1081 1052 1148 Ussmen
1115 1085 1332 1166 verba,
1404 1135 1432 1168 „
1443 1085 1589 1165 ipsa
1651 1089 1894 1152 natura
1946 1103 2365 1169 comparasse
2411 1084 2617 1150 videri
2662 1080 2940 1165 possit.’'

745 1202 949 1284 Quod.
995 1205 1321 1285 quomodo
1392 1205 1488 1271 sic
1553 1208 1765 1288 accipi
1832 1209 2063 1289 possit,
2110 1225 2382 1289 prorsus
2429 1223 2537 1271 me
2597 1205 2938 1287 praeterit.

743 1326 914 1405 Ergo
980 1343 1098 1405 ego
1166 1345 1426 1409 quoque
1495 1344 1651 1392 cum
1719 1327 1871 1393 aliis
1940 1330 2156 1409 cogito
2217 1331 2297 1394 de
2360 1328 2619 1396 salsura
2679 1329 2937 1410 proprio

742 1465 946 1513 sensu
1013 1449 1327 1534 adhibita,
1376 1467 1456 1516 ea
1515 1455 1749 1516 autem
1808 1453 1915 1517 hic
1976 1470 2110 1518 non
2174 1453 2255 1517 de
2318 1452 2623 1532 piscium,
2688 1451 2805 1517 sed
2859 1450 2939 1515 de

742 1570 1032 1637 hominis
1101 1572 1448 1638 intestinis
1519 1573 1714 1639 facta.
1789 1573 1916 1638 Sed
1977 1591 2061 1638 ne
2122 1574 2217 1638 sic
2279 1574 2547 1654 quidem
2611 1572 2793 1636 locus
2854 1588 2939 1636 ex

742 1692 1034 1758 tenebris
1077 1694 1387 1774 emersit3
1438 1711 1522 1760 ne
1572 1713 1751 1760 nunc
1798 1695 2064 1775 quidem
2112 1693 2524 1786 perspicitur,
2575 1692 2730 1774 quid
2776 1692 2938 1757 illud

737 1814 1011 1880 salsura
1072 1815 1197 1880 sibi
1259 1815 1421 1880 velit
1478 1832 1690 1898 neque
1740 1815 1896 1897 quid
1942 1816 2330 1880 Palinurum
2376 1813 2812 1882 commoverit
2855 1813 2938 1878 ad

740 1938 1152 2002 mentionem
1196 1937 1598 2002 iniciendam
1647 1939 1728 2002 de
1774 1938 2051 2003 salsura.
2101 1938 2189 2001 Et
2233 1937 2397 2002 haec
2442 1940 2511 2000 et
2557 1935 2686 2000 alia
2732 1934 2936 2000 Gom*-

737 2074 903 2120 znm
947 2058 1432 2138 compulerunt,
1480 2063 1559 2122 ut
1604 2059 1644 2123 l.
1684 2059 1725 2122 l.
1766 2059 2090 2138 cogitaret
2128 2059 2209 2124 de
2248 2059 2505 2124 lacuna.
2554 2058 2695 2122 Iam
2736 2073 2937 2138 supra

737 2176 1030 2242 vidimus
1075 2178 1297 2243 virum
1346 2180 1619 2244 doctum
1657 2182 1975 2245 AOIDALH
2015 2180 2627 2261 transpositionem,
2666 2195 2935 2244 versum

740 2298 868 2362 244
937 2302 1096 2364 ante
1170 2301 1300 2364 240
1371 2301 1751 2366 collocantis
1813 2301 2119 2382 probare;
2184 2318 2419 2366 verum
2481 2304 2708 2367 tamen
2756 2318 2937 2366 nunc

737 2437 979 2484 novam
1018 2421 1482 2488 difficultatem
1519 2424 1861 2488 invectam
1897 2439 2045 2488 esse
2085 2425 2302 2503 putat.
2338 2422 2675 2508 „Lienosis
2706 2421 2932 2486 enim’'

734 2541 832 2606 ait
876 2559 1068 2626 „cum
1108 2544 1230 2609 hoc
1270 2546 1633 2626 praecipiat
1659 2545 1894 2612 Celsus
1933 2545 2013 2609 de
2054 2545 2225 2610 med.
2267 2545 2364 2610 IV
2390 2547 2467 2608 9:
2512 2545 2652 2609 ‘hoc
2683 2519 2931 2609 vitium

733 2665 920 2745 quies
965 2670 1200 2747 auget3
1250 2667 1477 2749 itaque
1522 2668 2004 2734 exercitatione
2050 2671 2120 2732 et
2165 2668 2385 2732 labore
2426 2684 2592 2747 opus
2630 2668 2776 2749 est',
2820 2666 2933 2748 qui

733 2802 976 2867 quaeso
1038 2792 1262 2868 potest
1307 2788 1666 2854 Palinurus
1712 2789 1996 2855 inridere
2047 2790 2387 2869 miserum,
2434 2789 2543 2854 cui
2590 2788 2933 2854 saluberri-

734 2923 844 2972 ma
905 2908 1022 2973 dat
1080 2914 1431 2991 praecepta
1445 2911 1522 2974 ‘2³’
1586 2910 1781 2975 Unde
1845 2911 1987 2976 viro
2051 2910 2243 2975 docto
2305 2925 2621 2991 apparere
2670 2909 2932 2975 videtur

731 3030 1143 3096 sententiam
1213 3032 1415 3097 hiare.
1509 3032 1690 3112 Quod
1755 3032 1899 3113 ipse
1962 3048 2136 3097 novo
2211 3031 2487 3111 probare
2548 3047 2743 3111 posse
2803 3032 2931 3097 sibi

731 3151 994 3217 videtur
1053 3157 1484 3232 argumento:
1554 3156 1759 3219 verba
1818 3153 2000 3218 enim
2069 3152 2268 3237 „quin
2336 3155 2411 3217 tu
2475 3153 2724 3233 aliquot
2789 3153 2930 3218 dies

729 3272 1029 3353 perdura,
1094 3275 1257 3338 dum
1302 3276 1632 3341 intestina
1677 3276 2125 3355 exputescunt
2176 3272 2294 3337 tibi
2341 3289 2398 3336 e.
2447 3289 2508 3352 q.
2560 3271 2659 3336 s.''
2707 3271 2930 3353 procul

729 3394 927 3459 dubio
988 3396 1071 3459 ad
1132 3394 1308 3461 aliud
1364 3396 1773 3463 medicorum
1820 3397 1901 3461 de
1946 3395 2178 3461 eodem
2227 3395 2453 3458 morbo
2497 3396 2929 3474 praeceptum

727 3532 876 3580 esse
915 3514 1333 3580 referendum
1371 3516 1622 3581 dudum
1662 3516 2080 3581 intellectum
2111 3532 2259 3580 esse
2282 3515 2649 3579 contendit.
2693 3513 2926 3579 Celsus

704 3638 908 3701 enim
977 3636 1016 3699 l.
1070 3635 1110 3699 1.
1182 3636 1346 3702 haec
1414 3653 1678 3718 quoque
1748 3636 1981 3701 habet:
2053 3635 2309 3719 „dulcia
2367 3634 2592 3700 omnia
2651 3634 2925 3698 inimica

726 3762 1102 3837 sunt3....
1166 3758 1418 3823 edenda
1462 3762 1623 3823 sunt
1672 3758 2217 3824 salsamenta
2266 3755 2372 3821 vel
2420 3756 2596 3821 oleae
2667 3754 2772 3819 vel
2842 3772 2929 3819 ex

725 3878 943 3943 muria
994 3877 1223 3943 dura.''
1279 3879 1556 3962 „lubet”
1603 3881 1702 3944 ait
1752 3880 1968 3945 Gomz
2023 3877 2416 3959 „Palinurus
2463 3876 2767 3941 lenonem
2814 3877 2924 3941 du·

724 4016 891 4073 rare,
965 4000 1170 4065 donec
1238 4001 1564 4065 intestina
1630 4001 1984 4073 labefiant3
2055 3999 2227 4079 quod
2288 3998 2528 4063 statim
2589 3997 2731 4061 fieri
2793 4014 2925 4063 uon

723 4136 938 4199 posse,
1004 4137 1160 4185 cum
1221 4123 1388 4187 bene
1451 4121 1593 4187 sint
1655 4120 1894 4197 sallita,
1962 4136 2157 4201 posse
2212 4124 2441 4183 tamen
2489 4118 2651 4193 fieri,
2702 4119 2762 4183 si
2809 4134 2924 4199 per

723 4257 968 4319 paucos
1028 4241 1168 4305 dies
1232 4240 1663 4307 salsamentis
1723 4241 2165 4318 abstinuerit;
2230 4246 2381 4304 tum
2430 4239 2613 4304 enim
2661 4240 2797 4304 fore
2844 4244 2925 4303 ut

724 4365 915 4425 tanto
978 4362 1204 4426 minus
1263 4369 1527 4438 veneat,
1575 4366 1811 4445 quanti
1859 4363 1997 4428 sola
2046 4363 2187 4426 sint
2232 4358 2623 4425 intestina.’'
2676 4360 2923 4439 Quibus
