3459 5300
1780 553 1907 620 124

747 739 950 820 atque
1008 737 1129 803 EV
1191 735 1414 804 verbis
1471 739 1592 802 aut
1651 755 1815 821 sqq„
1880 739 2040 804 ante
2088 753 2256 819 quae
2304 737 2359 802 B
2406 735 2703 818 spatium
2748 736 2951 802 habet

745 858 1029 926 duarum
1075 858 1455 925 litterarum
1496 875 1865 942 erasarum,
1904 858 2173 940 signum
2211 857 2448 924 militis
2485 858 2948 940 praemittant.

747 981 928 1064 Quod
988 997 1228 1047 verum
1287 997 1438 1046 esse
1493 979 1847 1047 existimat
1892 979 2156 1056 Leni«,
2190 977 2235 1062 ι)
2284 984 2565 1060 excepto
2610 980 2781 1063 quod
2828 982 2951 1045 aut

746 1105 976 1168 mutat
1022 1102 1093 1168 in
1139 1120 1252 1167 an.
1303 1101 1590 1168 Secutus
1636 1119 1794 1168 eum
1832 1104 1940 1167 est
1978 1103 2297 1178 menn-ox,
2328 1097 2378 1185 ²)
2418 1102 2533 1184 qui
2571 1101 2946 1183 opinionem

747 1239 941 1289 suam
1003 1223 1101 1288 sic
1160 1223 1488 1290 defendit:
1559 1223 1987 1310 „schwerlich
2049 1222 2239 1289 hatte
2301 1223 2415 1288 der
2465 1222 2658 1290 miles
2703 1224 2947 1290 Veran-

743 1343 1019 1426 lassung
1078 1345 1344 1412 hierauf
1393 1364 1479 1412 zu
1541 1349 1952 1426 entgegnen:
2016 1364 2098 1412 ne
2142 1348 2200 1410 te
2245 1348 2345 1411 mi
2384 1346 2603 1430 facias
2646 1347 2947 1430 ferocem.

745 1467 945 1534 Hitze
981 1467 1147 1540 ,und
1209 1468 1384 1534 Zorn
1445 1467 1562 1533 des
1608 1467 1885 1532 Andern
1934 1467 2345 1534 abzulehnen
2392 1485 2535 1534 war
2580 1468 2789 1535 Sache
2834 1468 2951 1534 des

745 1586 924 1672 Lyco
929 1633 1121 1652 .....
1170 1589 1302 1654 Der
1348 1587 1541 1654 miles
1586 1591 1974 1665 antwortet‚
2020 1589 2103 1654 da
2142 1589 2283 1655 sich
2323 1589 2502 1674 Lyco
2544 1590 2949 1658 Grobheiten

744 1709 1103 1776 verbittet:
1170 1711 1420 1776 meinst
1479 1710 1568 1776 du
1630 1714 1829 1794 etwa,
1894 1710 2001 1776 ich
2065 1709 2184 1777 soll
2246 1711 2395 1778 dich
2447 1712 2797 1793 demuthig
2840 1728 2949 1777 an-

745 1832 993 1899 ssehen:
1056 1850 1149 1899 an
1210 1833 1438 1916 (statt.
1472 1834 1616 1916 aut)
1680 1832 2051 1914 supplicare
2099 1850 2377 1900 censeas
2392 1833 2471 1899 ?’'
2520 1835 2617 1900 At
2662 1835 2948 1918 Lyconis

745 1955 950 2020 verba
1010 1972 1106 2020 vs.
1181 1953 1308 2021 537
1372 1972 1468 2036 sq.
1533 1954 1697 2020 mihi
1758 1954 2027 2036 quidem
2093 1955 2373 2022 minime
2432 1956 2569 2022 irae
2616 1955 2947 2023 sedandae

745 2075 978 2143 idonea
1025 2076 1355 2142 videntur.
1405 2077 1620 2156 Immo
1664 2077 1835 2143 iram
1882 2076 2119 2144 militis
2166 2080 2375 2144 etiam
2420 2080 2698 2145 auctum
2744 2078 2827 2144 iis
2865 2078 2946 2144 iri

745 2200 1110 2280 exspectes.
1181 2198 1363 2281 Quod
1429 2198 1639 2264 etiam
1699 2199 1993 2265 sensisse
2054 2201 2480 2268 R1nnnom
2540 2218 2625 2266 ex
2684 2200 2946 2268 ultimis

743 2320 892 2387 eius
958 2321 1178 2386 verbis
1245 2319 1468 2388 allatis
1535 2325 1810 2404 apparet
1879 2320 2034 2406 („da
2096 2321 2237 2388 sich
2298 2323 2478 2406 Lyco
2540 2322 2945 2390 Grobheiten

746 2441 1163 2526 verbittet”).
1211 2443 1359 2509 Non
1403 2443 1697 2509 multum
1736 2442 2025 2526 Lyconis
2063 2443 2392 2510 interesse
2430 2446 2674 2525 potest,
2715 2448 2945 2510 utrum

747 2564 940 2630 miles
1000 2564 1358 2631 iracundus
1418 2565 1511 2631 sit
1570 2582 1813 2647 necne;
1878 2583 2037 2632 nam
2102 2566 2304 2631 huius
2365 2567 2656 2648 gratiam
2716 2568 2947 2649 utique

747 2686 1048 2771 perdidit,
1115 2688 1429 2770 quoniam
1490 2692 1871 2769 argentum,
1925 2688 2098 2770 quod
2145 2689 2280 2754 iam
2328 2688 2529 2771 dedit,
2579 2690 2796 2756 denuo
2844 2689 2947 2756 da-

746 2809 946 2873 turus
989 2825 1121 2874 non
1166 2812 1291 2874 est.
1344 2808 1537 2875 Militi
1583 2812 1834 2892 autem,
1881 2811 2071 2876 cuius
2116 2809 2460 2876 iracundia
2502 2811 2711 2877 etiam
2748 2812 2949 2877 aucta

747 2932 854 2995 est
892 2929 1337 2997 insolentibus
1375 2932 1742 3012 trapezitae
1781 2932 2023 3008 verbis,
2064 2932 2303 2998 verba:
2352 2948 2475 3018 „ne
2512 2934 2583 2997 te
2624 2932 2718 2998 mi
2742 2932 2947 2998 facias

745 3050 1075 3117 ferocem'’
1134 3052 1488 3133 aptissima
1549 3056 1733 3118 sunt.
1798 3052 2051 3118 Tamen
2111 3068 2402 3134 sequens
2459 3055 2579 3118 aut
2638 3070 2723 3119 ne
2778 3052 2944 3118 mihi

747 3172 1011 3255 quidem
1061 3176 1319 3239 rectum
1359 3172 1645 3250 videtur,
1685 3177 1889 3257 atque
1930 3173 2134 3240 miror
2170 3172 2479 3240 Lnoimm
2517 3173 2582 3240 id
2622 3190 2947 3240 servasse.

748 3294 977 3377 Neque
1035 3294 1217 3361 enim
1277 3295 1659 3376 persuaderi
1707 3296 1887 3391 ‚mihi
1948 3298 2172 3377 potest
2232 3299 2355 3361 aut
2416 3296 2540 3362 dici
2586 3294 2779 3378 posse
2826 3314 2944 3379 pro

747 3433 920 3483 neve.
969 3416 1136 3499 Quid
1181 3419 1302 3482 aut
1345 3417 1414 3483 in
1460 3420 1689 3483 nostro
1737 3433 1939 3483 versu
1988 3417 2360 3497 significare
2408 3418 2665 3497 debeat,
2713 3419 2944 3486 docere

746 3541 1033 3621 possunt
1077 3537 1277 3604 Poen.
1326 3538 1456 3605 395
1503 3514 1678 3620 sqq:
1728 3538 2021 3621 (obsecro
2066 3538 2163 3623 te)

929 3658 1027 3725 Ut
1084 3663 1159 3726 tu
1207 3659 1361 3725 huic
1405 3659 1580 3726 irata
1627 3676 1712 3724 ne
1758 3659 1853 3725 sis
1897 3663 2068 3743 aut,
2119 3660 2178 3726 si
2223 3660 2288 3727 id
2334 3660 2477 3726 fleri
2525 3678 2655 3728 non
2702 3664 2947 3745 potest,

929 3779 1168 3862 Capias
1190 3781 1429 3847 restim
1452 3797 1531 3846 ac
1553 3783 1622 3846 te
1645 3781 2017 3862 suspendas
2040 3798 2195 3848 cum
2218 3799 2327 3848 ero
2344 3784 2415 3848 et
2431 3785 2663 3859 vostra
2678 3782 2948 3849 familia.

750 3905 869 3970 As.
922 3904 1085 3968 773:
1133 3920 1256 3990 „ne
1295 3901 1404 3969 illa
1444 3902 1672 3969 minus
1707 3906 1830 3969 aut
1869 3902 2021 3984 plus
2058 3920 2260 3985 quam
2301 3906 2380 3969 tu
2422 3903 2708 3985 sapiat,”
2749 3906 2955 3971 verba

750 4024 983 4090 minus
1027 4026 1148 4088 aut
1184 4024 1347 4106 plus
1394 4026 1539 4090 tam
1583 4027 1728 4090 arte
1775 4024 1949 4089 inter
2000 4040 2073 4089 se
2121 4027 2282 4088 sunt
2328 4041 2651 4102 connexa,
2699 4027 2781 4091 ut
2825 4026 2954 4092 dici

826 4314 880 4381 1)
919 4311 1193 4384 Specimen
1233 4266 1747 4367 critico-litterarium
1784 4308 1839 4365 in
1876 4306 2121 4363 Plautum
2160 4310 2213 4363 et
2250 4264 2551 4367 Terentium
2591 4328 2637 4383 p.
2678 4312 2761 4365 34.

822 4400 879 4471 2)
912 4398 947 4454 l.
984 4398 1018 4455 1.
1056 4417 1106 4471 p.
1144 4398 1212 4453 90
1248 4415 1322 4471 sq.
