3459 5300
1744 558 1873 623 120

714 743 846 810 520
894 743 1030 811 CA.
1073 743 1239 826 Quid
1281 741 1493 809 stulta
1528 740 1797 826 ploras?
1836 758 1920 808 ne
1958 739 2145 822 time,
2187 743 2353 806 bene
2390 739 2602 806 hercle
2638 739 2906 806 vendidi

2520 866 2663 941 [ego
2708 863 2813 943 te;

889 987 1022 1053 Fac
1068 987 1163 1055 sis
1212 988 1420 1052 bonae
1464 987 1640 1066 frugi
1683 986 1839 1063 sieS‚
1887 1001 2159 1067 sequere
2203 985 2411 1049 istum
2461 979 2629 1049 bella
2674 983 2858 1050 belle.

891 1108 964 1173 L.
1028 1107 1412 1191 Summane,
1461 1108 1785 1190 numquid
1833 1107 2150 1173 nunciam
2198 1122 2305 1171 me
2352 1106 2505 1171 vis?
2552 1105 2687 1171 CV.
2736 1105 2904 1172 Vale

2338 1229 2565 1309 [atque
2610 1224 2812 1304 salve,

897 1352 1072 1418 Nam
1116 1354 1188 1417 et
1225 1367 1495 1432 operam
1541 1353 1612 1417 et
1657 1351 2009 1434 pecuniam
2053 1349 2338 1429 benigne
2381 1347 2767 1430 praebuisti.

890 1474 964 1539 L.
1015 1472 1316 1540 Salutem
1363 1472 1650 1539 multam
1698 1472 1900 1539 dicito
1945 1473 2244 1554 patrono.
2272 1469 2405 1536 CV.
2434 1470 2793 1536 Nuntiabo.
2830 1506 2898 1518 —

714 1595 845 1662 525
892 1593 967 1661 L.
1015 1594 1388 1688 Numquid*
1400 1594 1526 1677 viS‚
1573 1593 1775 1660 leno?
1824 1592 1962 1658 CA.
2011 1593 2189 1660 Istas
2233 1592 2453 1658 minas
2498 1592 2745 1676 decem,
2794 1593 2908 1673 qui

2271 1719 2401 1793 [me
2446 1729 2813 1798 procurem,

891 1837 1070 1905 Dum
1140 1837 1381 1903 melius
1450 1837 1544 1903 sit
1605 1837 1789 1920 mihi,
1851 1836 1987 1902 des.
2034 1835 2109 1900 L.
2159 1835 2532 1912 Dabuntur,
2579 1851 2726 1900 cras
2772 1835 2911 1914 peti

2412 1957 2680 2036 [iubet0.
2741 1992 2803 2003 -

801 2081 879 2150 In
937 2082 1044 2150 his
1102 2081 1411 2148 versibus
1457 2081 1825 2146 Rmnnomo
1856 2077 1904 2165 ¹)
1952 2080 2311 2147 molestum
2358 2081 2466 2145 est
2510 2078 2681 2160 quod
2730 2077 2909 2161 Lyco

711 2208 782 2271 et
845 2204 1148 2271 Curculio
1201 2203 1304 2269 bis
1372 2203 1551 2268 inter
1594 2220 1666 2269 se
1713 2202 1935 2268 valere
1979 2201 2234 2268 iubent.
2281 2201 2489 2267 Putat
2535 2216 2638 2266 vs.
2689 2200 2899 2265 522-

717 2327 844 2392 524
909 2325 1118 2393 salvis
1179 2323 1450 2407 reliquis
1511 2323 1744 2389 deesse
1796 2339 2013 2405 posse.
2059 2322 2383 2404 Equidem
2429 2338 2645 2404 neque
2691 2337 2911 2403 super·

713 2463 1038 2514 vacaneos
1075 2461 1290 2528 neque
1331 2445 1650 2511 molestos
1685 2443 1830 2511 illos
1870 2461 2107 2510 versus
2143 2461 2293 2510 esse
2324 2459 2579 2509 censeo.
2622 2443 2913 2522 Roganti

709 2569 1093 2636 Curculioni
1152 2568 1332 2652 Lyco
1392 2565 1618 2632 animo
1679 2564 1896 2632 adhuc
1954 2566 2210 2632 acerbis
2271 2567 2603 2632 commoto
2665 2563 2908 2647 verbiS,

713 2709 883 2774 quae
926 2690 1122 2773 paulo
1169 2692 1331 2756 ante
1377 2689 1458 2754 ad
1509 2705 1662 2754 eum
1712 2691 1874 2754 sunt
1920 2689 2116 2769 dicta,
2161 2688 2453 2755 breviter
2493 2687 2914 2769 praeciseque

714 2811 1101 2894 respondet:
1183 2811 1388 2898 „bene
1449 2809 1663 2885 vale”,
1726 2814 1929 2892 atque
1992 2826 2199 2891 aeque
2260 2810 2552 2875 breviter
2613 2809 2915 2876 Curculio

714 2934 962 3001 reddit:
1033 2930 1288 3020 „vale’'.
1354 2932 1510 2999 Mox
1573 2935 1807 2998 autem
1866 2932 2061 3016 Lyco,
2125 2936 2481 3015 postquam
2537 2931 2731 3012 prius·
2766 2930 2915 2997 leno

715 3054 1173 3125 Curculionem
1222 3053 1568 3120 abiturum
1613 3054 1956 3120 revocavit
1996 3054 2250 3119 verbis:
2284 3055 2487 3140 „heus
2518 3053 2661 3134 tu''‚
2689 3053 2913 3119 subito

717 3193 974 3242 memor
1032 3176 1348 3242 libertum
1412 3176 1648 3242 militis
1709 3177 1928 3244 adhuc
1983 3193 2131 3243 esse
2189 3175 2555 3243 iubendum
2624 3176 2911 3242 salutem

715 3296 931 3363 dicere
975 3299 1276 3379 patrono,
1324 3296 1499 3379 quod
1546 3297 1928 3377 neglectum
1972 3297 2376 3363 detrimento
2423 3297 2550 3363 sibi
2587 3313 2737 3363 esse
2773 3314 2912 3378 pos·

718 3418 829 3494 sit,
899 3422 1101 3501 atque
1170 3435 1290 3501 par
1356 3435 1506 3486 esse
1573 3399 1988 3485 existimans
2046 3420 2229 3501 prius
2298 3435 2527 3499 rogare
2587 3418 2913 3500 numquid

719 3538 901 3624 velit,
950 3543 1170 3621 rogat:
1229 3538 1654 3626 „Summane,
1703 3539 2028 3622 numquid
2084 3540 2399 3607 nunciam
2445 3557 2554 3607 me
2598 3541 2707 3607 vis
2720 3538 2798 3606 ‘?”

809 3800 909 3848 vs.
961 3781 1086 3846 527
1139 3800 1278 3865 sqq.
1343 3783 1710 3865 Postquam
1759 3782 2069 3849 abierunt
2111 3784 2439 3865 trapezita
2485 3789 2687 3866 atque
2732 3800 2914 3866 para·

717 3903 913 3979 situs,
960 3903 1108 3970 leno
1156 3905 1318 3971 haec
1365 3919 1594 3970 secum
1640 3902 1970 3987 loquitur:

748 4113 756 4123 ·
897 4023 1170 4104 Quando
1219 4026 1385 4092 bene
1431 4026 1610 4106 gessi
1655 4043 1822 4107 rem,
1875 4026 2023 4092 volo
2067 4025 2174 4092 hic
2218 4024 2290 4091 in
2331 4025 2484 4092 fano
2524 4024 2915 4108 supplicare.

900 4144 1069 4211 Nam
1117 4146 1298 4214 illam
1339 4147 1545 4214 minis
1587 4147 1747 4213 olim
1786 4148 2013 4214 decem
2051 4148 2339 4231 puellam
2378 4147 2720 4232 parvolam
2757 4148 2913 4230 emi,

791 4410 847 4479 1)
886 4409 917 4465 l.
955 4409 987 4465 l.
1026 4428 1075 4481 p.
1115 4410 1184 4464 84
1219 4426 1293 4483 sq.
