3459 5300
1548 580 1669 645 141

495 773 779 838 persona
837 757 1053 824 aliena
1111 775 1296 824 esse:
1360 777 1521 825 nam
1588 761 2084 844 „Phaedromus
2128 761 2250 826 hat
2297 760 2438 827 sich
2485 761 2707 827 bisher

496 895 615 959 gar
661 880 849 946 nicht
894 898 983 946 an
1030 881 1147 946 der
1191 881 1669 962 Verbandlung
1719 882 2081 968 betheiligt‚
2126 883 2275 949 eine
2315 883 2534 949 solche
2572 883 2708 948 Un-

496 1000 1105 1082 muthsausserung
1167 1020 1291 1068 aus
1354 1005 1608 1068 seinem
1670 1003 1917 1070 Munde
1979 1004 2211 1070 wurde
2267 1005 2339 1069 in
2385 1005 2502 1070 der
2545 1002 2708 1069 Luft

498 1124 888 1205 schweben3
929 1125 1224 1190 umidas
1265 1124 1614 1207 plotzliche
1653 1127 2142 1193 Verstummen
2183 1127 2298 1192 der
2321 1127 2707 1193 Planesium

497 1242 708 1310 bliebe
745 1246 1158 1311 unerklart.''
1199 1247 1591 1314 Phaedromi
1630 1248 2000 1330 indignatio
2041 1250 2319 1316 minime
2358 1266 2533 1314 vana
2565 1251 2706 1314 est:

497 1364 828 1448 irascitur,
893 1368 1065 1449 quod
1128 1368 1467 1449 parasitus
1527 1370 1946 1435 asseveranti
2009 1370 2256 1450 virgini
2315 1387 2388 1436 se
2432 1370 2707 1436 liberam

498 1503 647 1552 esse
694 1492 930 1555 natam
976 1494 1120 1555 tam
1165 1490 1398 1570 frigide
1445 1491 1928 1573 crudeliterque
1968 1494 2402 1574 respondeat:
2451 1495 2561 1578 „et
2599 1491 2711 1558 alii

498 1608 717 1691 multi,
778 1610 894 1692 qui
954 1628 1134 1677 nunc
1196 1612 1570 1677 serviunt.'’
1630 1613 1977 1680 Parasitus
2022 1617 2288 1680 autem:
2340 1614 2509 1679 ‘nolo
2554 1630 2707 1679 eam

496 1729 661 1796 mihi
708 1732 1062 1797 molestam
1109 1750 1278 1816 esse,
1327 1736 1407 1799 tu
1453 1734 1518 1799 ei
1564 1752 1781 1816 narra,
1831 1735 1888 1800 si
1937 1736 2060 1801 tibi
2102 1736 2308 1811 lubet,
2351 1735 2494 1801 dixi
2531 1735 2708 1816 equi-

497 1850 651 1916 dem
698 1851 884 1928 tibi,
931 1853 1110 1918 unde
1155 1853 1458 1937 habeam,
1510 1853 1657 1920 nolo
1707 1855 1810 1920 bis
1859 1856 2036 1921 idem
2082 1853 2396 1921 narrare.’

588 2112 687 2160 vs.
753 2095 885 2160 610
946 2113 1087 2178 sqq.
1156 2097 1796 2181 Therapontigonus,
1859 2099 2005 2165 sive
2069 2115 2380 2164 scaenam
2437 2096 2705 2180 reliquit

494 2220 650 2298 post
674 2235 774 2283 vs.
802 2217 951 2310 590,
973 2222 1051 2283 ut
1074 2221 1424 2300 quaereret
1448 2218 1933 2305 Curculionem,
1962 2220 2105 2286 sive
2130 2220 2202 2285 in
2225 2220 2491 2286 diversa
2515 2223 2703 2301 parte

492 2338 739 2420 astitit,
790 2357 970 2406 nunc
1016 2341 1291 2406 demum
1329 2342 1784 2422 praesentiam
1829 2359 2024 2407 suam
2071 2343 2402 2422 significat
2442 2341 2701 2407 verbis:

684 2461 919 2529 Salvos
960 2479 1135 2539 sum,
1173 2479 1404 2528 eccum
1446 2479 1646 2544 quem
1683 2464 2104 2544 quaerebam.
2147 2463 2313 2544 Quid
2343 2462 2507 2543 agis,
2534 2463 2701 2528 bone

2017 2585 2196 2665 [vir?
2245 2585 2316 2651 C:
2365 2585 2606 2653 Audio.

677 2707 746 2775 Si
806 2709 908 2774 vis
957 2686 1175 2775 tribus
1222 2710 1407 2786 bolis,
1462 2709 1561 2774 vel
1607 2709 1678 2773 in
1725 2708 2164 2792 chlamydem.
2215 2709 2356 2774 TH.
2405 2709 2578 2789 Quin
2624 2713 2700 2775 tu

1797 2830 1884 2913 [is
1931 2831 2000 2895 in
2048 2829 2296 2897 malam
2343 2846 2609 2895 crucem

677 2953 847 3020 Cum
896 2953 1080 3035 boHS,
1128 2971 1285 3019 cum
1332 2953 1599 3019 bulbis?

585 3076 751 3156 Quid
796 3076 956 3141 illud
1004 3075 1216 3141 bulbis
1259 3074 1368 3140 hic
1408 3072 1535 3139 sibi
1576 3072 1758 3153 velit,
1799 3073 2071 3140 omnino
2110 3091 2219 3140 me
2256 3072 2445 3151 fallit,
2487 3091 2702 3156 neque

492 3197 709 3276 magis
758 3197 921 3262 mihi
960 3196 1041 3261 fit
1080 3196 1505 3278 perspicuum
1543 3194 1979 3260 annotatione
2019 3195 2361 3261 Ussmen:
2413 3195 2702 3281 „luditur

493 3320 561 3384 in
624 3318 1068 3384 similitudine
1131 3318 1299 3393 soni,
1362 3317 1447 3382 ad
1507 3316 1788 3397 parasiti
1851 3333 2207 3399 personam
2271 3336 2406 3385 non
2455 3320 2703 3401 inepte,

491 3442 734 3523 quippe
798 3442 989 3507 cuius
1051 3457 1245 3506 mens
1308 3442 1454 3506 tota
1513 3438 1581 3503 in
1646 3439 1814 3505 cibis
1868 3439 2172 3519 occupari
2217 3439 2494 3506 soleat.”
2543 3440 2704 3506 Veri

489 3561 760 3643 quidem
820 3562 987 3627 mihi
1054 3562 1319 3627 videtur
1381 3560 1599 3626 simile
1644 3560 1754 3626 hic
1800 3560 2043 3641 requiri
2093 3578 2343 3644 vocem,
2393 3561 2587 3628 cuius
2633 3563 2702 3627 in

494 3684 642 3750 soni
684 3684 1122 3750 similitudine
1159 3684 1434 3758 luditur,
1461 3682 1576 3748 sed
1603 3681 1955 3748 bulborum
1981 3684 2234 3749 mentio
2257 3683 2412 3749 hinc
2435 3683 2705 3750 omnino

492 3805 710 3871 aliena
746 3809 873 3871 est.
915 3806 1090 3871 Nam
1129 3806 1302 3886 quod
1341 3804 1623 3887 parasiti
1663 3820 1855 3868 mens
1896 3807 2044 3869 tot-a
2084 3808 2392 3870 versat-ur
2425 3806 2492 3872 in
2519 3806 2703 3882 cibis,

494 3944 659 3993 eane
696 3945 900 3994 causa
938 3945 1086 3994 esse
1125 3931 1369 4010 potest,
1411 3944 1529 3992 cur
1565 3926 1636 3991 in
1675 3926 1925 3991 malam
1965 3942 2230 3992 crucem
2269 3927 2363 3991 ire
2394 3928 2704 3993 iubeatur

492 4067 649 4113 cum
689 4049 927 4125 bulbis,
968 4050 1099 4115 nisi
1139 4050 1325 4131 prius
1367 4048 1714 4113 bulborum
1757 4048 2013 4113 mentio
2053 4048 2230 4113 facta
2262 4050 2418 4114 est?
2445 4050 2699 4115 Verum

489 4171 761 4251 praebet
807 4171 947 4235 cod.
997 4172 1067 4253 E,
1119 4171 1257 4236 scil.
1308 4168 1524 4244 tullia,
1572 4169 1612 4233 i.
1641 4185 1698 4233 e.
1740 4170 1965 4248 παρεὶς,
2007 4170 2217 4233 tricis.
2260 4169 2701 4236 conferantur

496 4292 684 4356 Varr.
736 4293 817 4358 de
864 4311 915 4357 r.
957 4310 1007 4357 r.
1055 4295 1111 4375 1,
1162 4294 1229 4355 1:
1284 4292 1381 4377 „si
1419 4292 1524 4355 est
1565 4289 1762 4354 homo
1804 4289 1996 4372 bulla,
2041 4308 2118 4356 eo
2159 4291 2373 4370 magis
2412 4290 2699 4371 senex;’'

486 4413 663 4477 Petr.
730 4414 851 4478 42:
925 4431 1087 4499 „nos
1148 4430 1282 4478 non
1347 4411 1557 4493 pluris
1622 4427 1862 4475 sumus
1925 4428 2126 4490 quam
2176 4410 2388 4476 bullae
2406 4410 2466 4490 ;”
2516 4412 2698 4479 Pers.
