3459 5300
1755 494 1881 561 152

902 679 1041 744 TH.
1106 679 1271 761 Quid
1325 679 1551 745 dotis?
1601 679 1670 745 C.
1719 680 1992 760 Egone?
2037 681 2118 745 ut
2164 694 2443 760 semper,
2494 679 2653 746 dum
2703 678 2912 760 vivat,

2482 800 2619 882 [me
2665 797 2822 864 alat.

722 917 855 986 665
900 922 1155 988 Verum
1199 921 1414 988 hercle
1461 922 1621 988 dico.
1673 922 1815 988 TH.
1865 922 1969 987 Me
2013 922 2286 987 lubente
2332 921 2585 987 feceris

899 1043 1026 1109 Sed
1071 1044 1219 1110 leno
1263 1043 1370 1109 hic
1415 1043 1612 1110 debet
1659 1045 1851 1110 nobis
1897 1043 2175 1123 triginta
2222 1043 2463 1108 minas·

902 1165 1042 1232 PH.
1107 1166 1320 1246 Quam
1379 1167 1460 1232 ob
1521 1182 1665 1231 rem
1724 1165 1954 1233 istuc?
2007 1163 2147 1231 ΤΗ.
2199 1164 2365 1246 Quia
2409 1164 2517 1230 1116
2562 1166 2659 1230 ita
2704 1181 2915 1247 repro·

2360 1287 2577 1372 [misit
2625 1287 2824 1352 mihi:

901 1409 970 1474 Si
1015 1408 1369 1491 quisquam
1416 1410 1587 1476 hanc
1631 1409 1885 1476 liberali
1928 1409 2330 1476 asseruisset
2376 1426 2603 1486 mann,

901 1531 1058 1597 Sine
1103 1532 1557 1599 controversia
1604 1549 1804 1598 omne
1849 1523 2204 1612 argentum
2252 1531 2538 1596 reddere.

723 1655 853 1722 670
901 1653 1094 1719 Nunc
1122 1670 1356 1719 eamus
1379 1654 1460 1719 ad
1485 1654 1811 1720 lenonem.
1839 1653 1909 1720 C.
1936 1653 2181 1720 Laudo.
2207 1653 2349 1718 PH.
2378 1654 2518 1720 Hoc
2542 1653 2725 1735 prius
2750 1653 2919 1729 volo,

903 1773 1120 1839 Meam
1184 1789 1326 1838 rem
1374 1789 1588 1854 agere.
1651 1774 1794 1840 ΤΗ.
1836 1773 2004 1856 Quid
2067 1773 2135 1839 id
2196 1774 2355 1840 est?
2416 1773 2555 1838 PH.
2596 1774 2696 1840 Ut
2753 1772 2919 1838 mihi

2156 1892 2355 1980 [hanc
2400 1893 2825 1976 despondeas.
2968 1881 2977 1890 ’

899 2017 969 2084 C.
1020 2017 1186 2099 Quid
1235 2035 1480 2092 cessas,
1527 2018 1737 2102 mileS,
1786 2017 1961 2083 hanc
2005 2017 2159 2085 huic
2204 2034 2485 2083 uxorem
2530 2017 2737 2083 dare?

901 2139 1042 2204 ΤΗ.
1084 2137 1154 2203 Si
1201 2139 1362 2204 haec
1412 2139 1568 2205 volt.
1621 2138 1746 2203 PL.
1796 2139 1887 2204 Mi
1924 2139 2149 2221 frater,
2175 2139 2388 2222 cupio.
2437 2139 2577 2204 ΤΗ.
2625 2139 2795 2204 Fiat.
2846 2139 2916 2205 C.

2382 2261 2597 2344 [Bene
2641 2260 2824 2327 facis.

901 2383 1041 2450 PH.
1082 2382 1482 2465 Spondesne,
1525 2381 1732 2464 miles,
1762 2382 1855 2447 mi
1879 2383 2051 2448 hanc
2074 2383 2405 2449 uxorem?
2431 2383 2570 2448 ΤΗ.
2598 2382 2917 2463 Spondeo,

724 2506 857 2571 675
903 2506 974 2570 C.
1025 2507 1110 2571 Et
1157 2522 1276 2586 ego
1323 2505 1500 2571 idem
1549 2523 1684 2571 una
1729 2506 2039 2588 spondeo.
2090 2507 2231 2572 ΤΗ.
2278 2507 2523 2587 Lepide
2569 2505 2753 2571 facis.

895 2625 1022 2693 Sed
1068 2643 1299 2693 eccum
1344 2625 1675 2702 lenonem,
1722 2625 1990 2703 incedit,
2039 2627 2482 2693 thensaurum
2531 2643 2778 2693 meum.

813 2748 932 2814 Vs.
975 2750 1098 2814 661
1147 2766 1243 2830 sq.
1286 2749 1520 2815 verba:
1567 2749 2085 2835 „promittimus
2131 2753 2279 2817 tace
2317 2747 2439 2816 tu”
2480 2749 2549 2815 in
2589 2749 2921 2816 codicibus

723 2872 971 2937 dantur
1015 2870 1232 2936 militi.
1286 2870 1531 2936 Totum
1576 2873 1808 2936 autem
1847 2888 2120 2937 versum
2162 2873 2285 2937 661
2330 2874 2510 2938 recte
2549 2872 2921 2937 AomAnms

722 2993 960 3059 tribuit
1032 2992 1439 3073 Curculioni;
1502 2992 1675 3075 quod
1738 3010 1893 3059 vero
1955 3011 2071 3075 pro
2128 2996 2581 3076 promittimus
2638 2992 2920 3059 coniecit

714 3114 1168 3197 promittitin?
1206 3114 1478 3195 probare
1517 3130 1789 3197 nequeo.
1834 3114 2095 3181 Comice
2134 3115 2294 3181 dicit
2331 3116 2701 3197 parasitus:
2741 3132 2919 3197 „pro-

723 3235 1131 3311 mittimus”
1195 3235 1386 3317 quasi
1449 3235 1574 3302 sibi
1635 3252 1846 3317 aeque
1904 3253 1982 3301 ac
2038 3236 2444 3302 Phaedromo
2489 3236 2923 3318 promittendi

723 3358 832 3423 ius
880 3358 990 3423 sit.
1039 3357 1262 3424 Etiam
1307 3358 1450 3424 fieri
1493 3360 1738 3439 potest,
1780 3361 1862 3423 ut
1900 3358 2258 3440 parasitus,
2298 3359 2429 3424 etsi
2469 3363 2748 3425 vocatus
2787 3375 2922 3424 non

727 3481 837 3562 sit,
903 3480 1100 3546 verbo
1154 3479 1636 3563 promittimus²
1698 3480 1944 3561 quippe
2003 3452 2175 3561 quod
2226 3480 2631 3547 adhibeatur
2664 3462 2775 3546 'ab
2824 3497 2920 3557 e0,

593 3644 600 3651 -
724 3602 839 3682 qui
878 3605 1156 3667 vocatus
1193 3602 1276 3667 ad
1316 3616 1551 3666 cenam
1589 3617 1662 3666 se
1701 3604 2069 3667 venturum
2107 3618 2254 3668 esse
2286 3602 2645 3687 pollicetur,
2673 3602 2921 3669 comice

723 3724 1053 3804 significet
1092 3739 1164 3788 se
1200 3722 1280 3788 ad
1328 3738 1525 3788 cenas
1571 3721 1944 3789 affuturum
1992 3742 2163 3791 esse.
2214 3724 2387 3789 Tum
2433 3723 2918 3815 Phaedromus:

728 3848 916 3932 „tace
962 3844 1106 3922 tu‚'’
1144 3844 1187 3910 1.
1212 3862 1268 3910 6.
1313 3844 1466 3910 ‘noli
1504 3845 1914 3926 promittere,
1956 3847 2277 3927 quamdiu
2316 3847 2397 3913 de
2437 3846 2696 3927 nuptiis
2736 3847 2921 3913 nihil-

722 3966 885 4031 dum
947 3967 1054 4031 est
1113 3964 1495 4031 statutum.’
1561 3965 1819 4032 Verba:
1892 3968 2077 4051 „tace
2135 3966 2257 4033 tu’'
2309 3950 2441 4032 non
2488 3983 2639 4033 esse
2686 3967 2919 4033 Thera·

724 4085 1088 4169 pontigoni,
1135 4086 1239 4151 cui
1288 4103 1366 4151 ea
1409 4088 1709 4166 assignat
1747 4088 1900 4171 Lno,
1944 4090 2133 4170 patet
2172 4093 2241 4154 et
2278 4105 2363 4153 ex
2403 4088 2507 4165 iis,
2550 4106 2718 4171 quae
2757 4088 2919 4166 dixi,

725 4212 796 4273 et
832 4226 916 4274 ex
954 4224 1270 4290 responso
1310 4206 1755 4290 Curculionis;
1797 4209 1910 4291 qui
1934 4209 2246 4291 quoniam
2271 4211 2528 4276 verbis:
2562 4214 2677 4297 „tu
2700 4210 2921 4276 istanc

724 4327 1052 4410 desponde
1111 4327 1284 4404 huic,
1347 4327 1582 4394 miles''
1644 4328 1728 4394 ad
1796 4328 2075 4397 militem
2144 4347 2217 4397 se
2285 4331 2641 4412 convertit,
2715 4333 2919 4399 verba
