3459 5300
1820 560 1945 624 144

871 736 1128 804 Ultima
1190 739 1421 804 acerbe
1485 739 1809 806 dicuntur
1875 759 1991 822 pro
2057 743 2156 806 ‘ut
2222 741 2519 808 docearis
2587 757 2747 806 non
2820 739 2985 805 iam

783 860 1064 925 mercari
1109 874 1166 925 e.
1192 877 1253 942 q.
1281 861 1380 942 s.',
1425 861 1606 927 sive:
1645 865 1764 949 „ut
1802 863 2081 945 posthac
2116 879 2361 928 caveas
2399 862 2677 928 mercari
2710 877 2765 925 e.
2794 878 2856 942 q.
2884 859 2987 926 s.”

791 978 887 1044 Cf.
937 980 1175 1046 Bacch.
1233 981 1357 1045 112
1405 998 1541 1064 sq.:

968 1102 1328 1183 Propterea
1377 1104 1497 1169 hoc
1545 1103 1733 1187 faci0‚
1781 1109 1862 1171 ut
1906 1106 2281 1172 suadeas
2334 1107 2536 1186 gnato
2590 1120 2738 1170 meo

968 1223 1066 1289 Ut
1110 1227 1573 1306 pergraecetur
1618 1229 1867 1302 tecum,
1917 1225 2339 1292 tervenefice.

883 1344 989 1409 Ad
1035 1362 1236 1425 quem
1293 1348 1523 1411 autem
1588 1346 2047 1413 Phaedromus
2086 1363 2157 1412 se
2194 1347 2528 1413 convertit
2566 1346 2728 1412 dum
2766 1348 2983 1425 rogat:

797 1467 993 1552 „licet
1031 1445 1458 1533 antestari”?
1498 1468 1933 1534 Manifestum
1972 1471 2079 1535 est
2122 1486 2253 1534 non
2292 1469 2377 1534 ad
2417 1469 2722 1543 militem,
2745 1468 2989 1551 quippe

794 1589 908 1670 qui
969 1605 1098 1653 non
1163 1589 1364 1655 simul
1427 1590 1643 1670 possit
1700 1591 1999 1656 accusari
2060 1593 2128 1655 et
2192 1590 2393 1656 testis
2454 1607 2623 1656 esse.
2679 1589 2860 1654 Num
2904 1589 2988 1654 ad

797 1707 1310 1774 Curculionem?
1373 1709 1552 1790 Quae
1615 1712 1952 1777 sententia
2012 1713 2121 1776 est
2182 1712 2435 1792 Lsonn,
2498 1712 2613 1792 qui
2671 1713 2987 1777 annotat:

800 1831 1209 1919 „interrogat
1293 1831 1684 1914 parasitum,
1759 1833 2118 1915 respondet
2192 1831 2386 1899 miles
2454 1850 2586 1898 non
2656 1831 2997 1910 rogatus”.

799 1952 982 2034 Quod
1040 1968 1277 2018 verum
1339 1969 1488 2018 esse
1544 1971 1676 2019 non
1738 1939 1934 2035 posse
1996 1953 2396 2020 documento
2463 1971 2610 2020 esse
2680 1952 2845 2021 mihi
2909 1953 2999 2019 vi·

799 2074 1044 2140 dentur
1105 2090 1345 2140 versus
1404 2075 1536 2140 623
1600 2076 1839 2141 verba:
1892 2079 2007 2160 „at
2052 2092 2191 2156 ego,
2242 2093 2441 2157 quem
2490 2076 2665 2151 licet,
2716 2078 2787 2140 te
2833 2074 2994 2158 (scil.

796 2193 1180 2279 antestor”),
1237 2212 1406 2276 quae
1459 2199 1689 2261 contra
1734 2198 2011 2280 codices,
2060 2199 2173 2279 qui
2220 2214 2298 2263 ea
2342 2197 2508 2262 dant
2553 2195 2772 2276 militi,
2819 2198 2998 2261 recte

800 2317 1056 2382 Ussme
1118 2316 1356 2415 tribuit
1423 2316 1832 2385 Phaedromo
1894 2319 2323 2402 compellanti
2375 2318 2857 2385 Curculionem.
2905 2318 3000 2382 Ex

800 2442 1043 2524 quibus
1090 2440 1314 2505 verbis
1361 2443 1637 2521 apparet
1674 2441 2162 2508 Phaedromum
2205 2443 2385 2525 prius
2422 2441 2628 2508 alium
2668 2439 3000 2524 quendam

803 2543 1228 2628 antestatum
1297 2579 1466 2639 esse,
1536 2579 1738 2644 quem
1804 2566 2133 2632 antestari
2200 2564 2391 2631 licere
2451 2565 2643 2630 miles
2705 2562 3001 2644 negavit.

803 2686 944 2767 Quo
1008 2686 1202 2751 modo
1264 2688 1495 2751 autem
1559 2686 1669 2753 illa
1727 2690 1933 2755 verba
1995 2688 2219 2754 Gom-z
2280 2691 2353 2754 et
2413 2688 2715 2753 RIBBEGK
2751 2685 2799 2771 ¹)
2847 2686 3002 2751 dare

804 2806 1148 2889 potuerint
1194 2806 1586 2884 Curculioni,
1637 2809 1908 2875 omnino
1957 2827 2091 2876 non
2133 2809 2450 2889 intelligo.
2488 2808 2811 2874 Potestne
2848 2806 3006 2873 Cur-

804 2928 978 2994 culio
1023 2928 1152 2994 illis
1191 2929 1414 2994 verbis
1452 2929 1820 2996 auriculam
1860 2932 2189 3013 praebere,
2220 2931 2398 2997 sicut
2436 2932 2635 3012 putat
2657 2928 3003 2994 Rmmeox?

807 3049 975 3130 Quid
1037 3067 1194 3115 vero
1254 3053 1407 3114 tum
1455 3052 1680 3115 mente
1727 3051 2171 3132 supplendum
2218 3052 2373 3118 est?
2418 3051 2852 3134 Perspicuum
2897 3052 3004 3115 est

806 3172 1008 3236 verba
1057 3171 1452 3237 Phaedromi
1498 3187 1646 3238 esse
1692 3188 1900 3254 aeque
1947 3191 2025 3239 ac
2066 3175 2288 3239 accede
2334 3174 2484 3239 huc.

894 3294 1115 3359 Redeo
1161 3292 1244 3359 ad
1289 3294 1775 3375 quaestionem,
1812 3294 1896 3360 ad
1936 3313 2135 3377 quem
2173 3295 2480 3362 dicantur
2519 3295 2755 3360 verba:
2805 3294 2997 3381 „licet

806 3414 1226 3480 antestari”‘?
1281 3414 1448 3479 Rem
1498 3416 1842 3497 expedivit
1888 3418 2206 3493 ΒΙΒΒΕΟΚ,
2252 3416 2367 3498 qui
2413 3416 2754 3499 perspexit
2800 3415 2999 3481 Phae·

809 3537 1116 3604 dromum
1175 3554 1250 3602 se
1319 3540 1707 3603 convertere
1776 3538 1859 3604 ad
1906 3556 2119 3606 unum
2167 3555 2251 3604 ex
2298 3539 2535 3605 militis
2582 3538 3004 3605 satellitibus.

807 3658 936 3724 Sed
983 3676 1116 3724 non
1162 3660 1518 3740 respondet
1564 3661 1706 3741 ipse
1754 3661 2039 3743 satelles„
2083 3678 2321 3726 verum
2362 3662 2571 3728 miles.
2621 3660 2795 3727 Nam
2835 3661 3007 3744 quod

811 3783 1113 3847 RmBEcK
1183 3780 1586 3863 probabilius
1654 3782 2034 3863 rectiusque
2102 3781 2287 3848 ducit
2356 3784 2579 3865 ipsum
2645 3781 3008 3848 satellitem

807 3905 1190 3985 loquentem
1276 3904 1724 3971 inducendum
1811 3922 1960 3971 esse
2028 3905 2373 3985 eidemque
2441 3920 2588 3969 esse
2657 3901 3009 3969 tribuenda

808 4026 1044 4090 verba:
1103 4042 1405 4111 „servom
1452 4026 1897 4109 antestari’'‘?‚
1949 4026 2207 4106 longius
2254 4025 2361 4091 hic
2400 4024 2747 4106 procedere
2785 4023 3007 4087 virum

810 4147 1081 4213 doctum
1129 4152 1312 4230 puto.
1358 4148 1623 4229 Optime
1663 4148 2031 4214 decurrunt
2067 4148 2293 4216 omnia
2331 4148 2389 4212 si
2428 4138 2619 4211 miles
2658 4142 3009 4225 respondet

888 4405 944 4469 1)
979 4402 1014 4457 l.
1051 4402 1085 4456 1.
1123 4420 1173 4474 p.
1212 4401 1296 4455 95.
