<?xml version="1.0" encoding="UTF-8"?>
<!DOCTYPE html PUBLIC "-//W3C//DTD XHTML 1.0 Transitional//EN"
    "http://www.w3.org/TR/xhtml1/DTD/xhtml1-transitional.dtd">
<html xmlns="http://www.w3.org/1999/xhtml" xml:lang="en" lang="en">
 <head>
  <title>
</title>
<meta http-equiv="Content-Type" content="text/html;charset=utf-8" />
  <meta name='ocr-system' content='tesseract 3.04.00' />
  <meta name='ocr-capabilities' content='ocr_page ocr_carea ocr_par ocr_line ocrx_word'/>
</head>
<body>
  <div class='ocr_page' id='page_1' title='image "./deplauticurculi00bossgoog_0038.png"; bbox 0 0 3459 5300; ppageno 0'>
   <div class='ocr_carea' id='block_1_1' title="bbox 1827 556 1911 619">
    <p class='ocr_par' dir='ltr' id='par_1_1' title="bbox 1827 556 1911 619">
     <span class='ocr_line' id='line_1_1' title="bbox 1827 556 1911 619; baseline 0.012 -1"><span class='ocrx_word' id='word_1_1' title='bbox 1827 556 1911 619; x_wconf 84' lang='lat'>26</span> 
     </span>
    </p>
   </div>
   <div class='ocr_carea' id='block_1_2' title="bbox 686 735 2982 2397">
    <p class='ocr_par' dir='ltr' id='par_1_2' title="bbox 715 735 2982 1424">
     <span class='ocr_line' id='line_1_2' title="bbox 715 735 2982 818; baseline 0 -17"><span class='ocrx_word' id='word_1_2' title='bbox 715 735 722 740; x_wconf 83' lang='grc'><strong><em>’</em></strong></span> <span class='ocrx_word' id='word_1_3' title='bbox 785 736 961 801; x_wconf 86' lang='lat' dir='ltr'>Men.</span> <span class='ocrx_word' id='word_1_4' title='bbox 1008 736 1137 802; x_wconf 81' lang='lat'>452</span> <span class='ocrx_word' id='word_1_5' title='bbox 1176 753 1294 817; x_wconf 89' lang='lat' dir='ltr'>pro</span> <span class='ocrx_word' id='word_1_6' title='bbox 1332 735 1512 801; x_wconf 79' lang='lat' dir='ltr'>ducit</span> <span class='ocrx_word' id='word_1_7' title='bbox 1549 736 1889 802; x_wconf 75' lang='lat' dir='ltr'><strong>substituo</strong></span> <span class='ocrx_word' id='word_1_8' title='bbox 1925 735 2207 818; x_wconf 80' lang='lat' dir='ltr'>abducit,</span> <span class='ocrx_word' id='word_1_9' title='bbox 2232 736 2405 816; x_wconf 88' lang='lat' dir='ltr'>quod</span> <span class='ocrx_word' id='word_1_10' title='bbox 2447 737 2729 801; x_wconf 82' lang='lat' dir='ltr'>verbum</span> <span class='ocrx_word' id='word_1_11' title='bbox 2769 736 2982 802; x_wconf 89' lang='lat' dir='ltr'>multo</span> 
     </span>
     <span class='ocr_line' id='line_1_3' title="bbox 779 857 2981 940; baseline 0 -17"><span class='ocrx_word' id='word_1_12' title='bbox 779 860 1010 940; x_wconf 80' lang='lat' dir='ltr'>aptius</span> <span class='ocrx_word' id='word_1_13' title='bbox 1049 857 1215 924; x_wconf 89' lang='lat' dir='ltr'>mibi</span> <span class='ocrx_word' id='word_1_14' title='bbox 1255 857 1520 923; x_wconf 87' lang='lat' dir='ltr'>videtur</span> <span class='ocrx_word' id='word_1_15' title='bbox 1550 875 1752 938; x_wconf 91' lang='lat' dir='ltr'>quam</span> <span class='ocrx_word' id='word_1_16' title='bbox 1784 857 2071 938; x_wconf 87' lang='lat' dir='ltr'>simplex</span> <span class='ocrx_word' id='word_1_17' title='bbox 2104 857 2363 928; x_wconf 78' lang='lat' dir='ltr'>ducere.</span> <span class='ocrx_word' id='word_1_18' title='bbox 2410 874 2570 922; x_wconf 89' lang='lat' dir='ltr'>nam</span> <span class='ocrx_word' id='word_1_19' title='bbox 2621 858 2981 924; x_wconf 80' lang='lat' dir='ltr'>abducunt</span> 
     </span>
     <span class='ocr_line' id='line_1_4' title="bbox 779 978 2976 1061; baseline -0 -16"><span class='ocrx_word' id='word_1_20' title='bbox 779 980 1142 1061; x_wconf 81' lang='lat' dir='ltr'>praedones</span> <span class='ocrx_word' id='word_1_21' title='bbox 1189 979 1294 1044; x_wconf 86' lang='lat' dir='ltr'>vel</span> <span class='ocrx_word' id='word_1_22' title='bbox 1331 996 1539 1045; x_wconf 90' lang='lat' dir='ltr'>naves</span> <span class='ocrx_word' id='word_1_23' title='bbox 1576 979 2049 1060; x_wconf 83' lang='lat' dir='ltr'>praedatoriae.</span> <span class='ocrx_word' id='word_1_24' title='bbox 2092 978 2289 1044; x_wconf 85' lang='lat' dir='ltr'>Mero.</span> <span class='ocrx_word' id='word_1_25' title='bbox 2337 979 2457 1043; x_wconf 85' lang='lat'>184</span> <span class='ocrx_word' id='word_1_26' title='bbox 2498 979 2774 1044; x_wconf 89' lang='lat' dir='ltr'>omnino</span> <span class='ocrx_word' id='word_1_27' title='bbox 2812 979 2976 1044; x_wconf 89' lang='lat' dir='ltr'>mihi</span> 
     </span>
     <span class='ocr_line' id='line_1_5' title="bbox 776 1099 2974 1182; baseline -0 -16"><span class='ocrx_word' id='word_1_28' title='bbox 776 1101 995 1182; x_wconf 80' lang='lat' dir='ltr'>placet</span> <span class='ocrx_word' id='word_1_29' title='bbox 1055 1100 1229 1182; x_wconf 89' lang='lat' dir='ltr'>quod</span> <span class='ocrx_word' id='word_1_30' title='bbox 1276 1101 1558 1166; x_wconf 80' lang='lat' dir='ltr'>coniecit</span> <span class='ocrx_word' id='word_1_31' title='bbox 1600 1100 1854 1166; x_wconf 67' lang='lat' dir='ltr'>Oinous</span> <span class='ocrx_word' id='word_1_32' title='bbox 1899 1100 1939 1164; x_wconf 89' lang='lat'>1.</span> <span class='ocrx_word' id='word_1_33' title='bbox 1987 1099 2030 1163; x_wconf 93' lang='grc'>1.</span> <span class='ocrx_word' id='word_1_34' title='bbox 2078 1117 2141 1180; x_wconf 91' lang='lat' dir='ltr'>p.</span> <span class='ocrx_word' id='word_1_35' title='bbox 2190 1100 2298 1176; x_wconf 83' lang='lat'>63,</span> <span class='ocrx_word' id='word_1_36' title='bbox 2346 1100 2461 1180; x_wconf 87' lang='lat' dir='ltr'>qui</span> <span class='ocrx_word' id='word_1_37' title='bbox 2505 1103 2667 1165; x_wconf 82' lang='lat' dir='ltr'>ante</span> <span class='ocrx_word' id='word_1_38' title='bbox 2713 1116 2974 1180; x_wconf 62' lang='lat' dir='ltr'>maflare</span> 
     </span>
     <span class='ocr_line' id='line_1_6' title="bbox 775 1221 2969 1302; baseline -0 -14"><span class='ocrx_word' id='word_1_39' title='bbox 775 1222 1016 1288; x_wconf 78' lang='lat' dir='ltr'>inserit.</span> <span class='ocrx_word' id='word_1_40' title='bbox 1075 1226 1219 1287; x_wconf 78' lang='lat' dir='ltr'>tun.</span> <span class='ocrx_word' id='word_1_41' title='bbox 1286 1222 1485 1288; x_wconf 87' lang='lat' dir='ltr'>Poen.</span> <span class='ocrx_word' id='word_1_42' title='bbox 1551 1222 1682 1288; x_wconf 86' lang='lat'>347</span> <span class='ocrx_word' id='word_1_43' title='bbox 1744 1239 1900 1287; x_wconf 85' lang='lat' dir='ltr'>oum</span> <span class='ocrx_word' id='word_1_44' title='bbox 1946 1222 2223 1288; x_wconf 73' lang='lat' dir='ltr'>PYLADB</span> <span class='ocrx_word' id='word_1_45' title='bbox 2269 1224 2423 1302; x_wconf 78' lang='lat' dir='ltr'>post</span> <span class='ocrx_word' id='word_1_46' title='bbox 2470 1221 2681 1286; x_wconf 78' lang='lat' dir='ltr'>hercle</span> <span class='ocrx_word' id='word_1_47' title='bbox 2724 1224 2832 1287; x_wconf 79' lang='lat' dir='ltr'>est</span> <span class='ocrx_word' id='word_1_48' title='bbox 2879 1222 2969 1288; x_wconf 93' lang='lat' dir='ltr'>in·</span> 
     </span>
     <span class='ocr_line' id='line_1_7' title="bbox 777 1341 2973 1424; baseline -0 -14"><span class='ocrx_word' id='word_1_49' title='bbox 777 1344 1136 1410; x_wconf 90' lang='lat' dir='ltr'>serendum</span> <span class='ocrx_word' id='word_1_50' title='bbox 1174 1345 1286 1408; x_wconf 76' lang='lat' dir='ltr'>est.</span> <span class='ocrx_word' id='word_1_51' title='bbox 1330 1343 1499 1408; x_wconf 87' lang='lat' dir='ltr'>Rud.</span> <span class='ocrx_word' id='word_1_52' title='bbox 1546 1343 1720 1408; x_wconf 89' lang='lat'>1170</span> <span class='ocrx_word' id='word_1_53' title='bbox 1759 1345 2123 1424; x_wconf 82' lang='lat' dir='ltr'>transpono</span> <span class='ocrx_word' id='word_1_54' title='bbox 2162 1343 2189 1406; x_wconf 82' lang='lat' dir='ltr'>i</span> <span class='ocrx_word' id='word_1_55' title='bbox 2228 1344 2323 1408; x_wconf 79' lang='lat' dir='ltr'>tu.</span> <span class='ocrx_word' id='word_1_56' title='bbox 2373 1341 2629 1408; x_wconf 81' lang='lat' dir='ltr'>Versus</span> <span class='ocrx_word' id='word_1_57' title='bbox 2654 1342 2973 1409; x_wconf 85' lang='lat' dir='ltr'>Varronis</span> 
     </span>
    </p>

    <p class='ocr_par' dir='ltr' id='par_1_3' title="bbox 686 1464 2974 1564">
     <span class='ocr_line' id='line_1_8' title="bbox 686 1464 2974 1564; baseline -0 -33"><span class='ocrx_word' id='word_1_58' title='bbox 686 1557 693 1564; x_wconf 21' lang='grc' dir='ltr'><strong><em>ι</em></strong></span> <span class='ocrx_word' id='word_1_59' title='bbox 777 1466 874 1532; x_wconf 83' lang='lat' dir='ltr'>sio</span> <span class='ocrx_word' id='word_1_60' title='bbox 935 1464 1274 1530; x_wconf 89' lang='lat' dir='ltr'>emendari</span> <span class='ocrx_word' id='word_1_61' title='bbox 1329 1467 1587 1545; x_wconf 78' lang='lat' dir='ltr'>potest:</span> <span class='ocrx_word' id='word_1_62' title='bbox 1642 1480 1887 1550; x_wconf 87' lang='lat' dir='ltr'>„apage</span> <span class='ocrx_word' id='word_1_63' title='bbox 1932 1465 2002 1529; x_wconf 89' lang='lat' dir='ltr'>in</span> <span class='ocrx_word' id='word_1_64' title='bbox 2050 1464 2379 1532; x_wconf 81' lang='lat' dir='ltr'>directum</span> <span class='ocrx_word' id='word_1_65' title='bbox 2430 1467 2639 1530; x_wconf 78' lang='lat' dir='ltr'>&lt;tu&gt;</span> <span class='ocrx_word' id='word_1_66' title='bbox 2693 1481 2735 1529; x_wconf 86' lang='lat' dir='ltr'>a</span> <span class='ocrx_word' id='word_1_67' title='bbox 2780 1465 2974 1530; x_wconf 90' lang='lat' dir='ltr'>domo</span> 
     </span>
    </p>

    <p class='ocr_par' dir='ltr' id='par_1_4' title="bbox 775 1585 2971 1669">
     <span class='ocr_line' id='line_1_9' title="bbox 775 1585 2971 1669; baseline -0 -16"><span class='ocrx_word' id='word_1_68' title='bbox 775 1591 1014 1654; x_wconf 76' lang='lat' dir='ltr'>nostra</span> <span class='ocrx_word' id='word_1_69' title='bbox 1058 1589 1263 1652; x_wconf 76' lang='lat' dir='ltr'>istam</span> <span class='ocrx_word' id='word_1_70' title='bbox 1309 1585 1830 1668; x_wconf 75' lang='lat' dir='ltr'>insanitatem”;</span> <span class='ocrx_word' id='word_1_71' title='bbox 1873 1604 1990 1669; x_wconf 91' lang='lat' dir='ltr'>pro</span> <span class='ocrx_word' id='word_1_72' title='bbox 2030 1588 2105 1652; x_wconf 80' lang='lat' dir='ltr'>in</span> <span class='ocrx_word' id='word_1_73' title='bbox 2144 1587 2471 1652; x_wconf 78' lang='lat' dir='ltr'>directum</span> <span class='ocrx_word' id='word_1_74' title='bbox 2508 1587 2590 1652; x_wconf 84' lang='lat' dir='ltr'>of.</span> <span class='ocrx_word' id='word_1_75' title='bbox 2634 1585 2787 1652; x_wconf 85' lang='lat' dir='ltr'>Sen.</span> <span class='ocrx_word' id='word_1_76' title='bbox 2829 1589 2971 1652; x_wconf 77' lang='lat' dir='ltr'>nat.</span> 
     </span>
    </p>

    <p class='ocr_par' dir='ltr' id='par_1_5' title="bbox 775 1706 2276 1794">
     <span class='ocr_line' id='line_1_10' title="bbox 775 1706 2276 1794; baseline -0.002 -20"><span class='ocrx_word' id='word_1_77' title='bbox 775 1711 1034 1790; x_wconf 78' lang='lat' dir='ltr'>quaest.</span> <span class='ocrx_word' id='word_1_78' title='bbox 1087 1709 1149 1785; x_wconf 90' lang='lat'>6,</span> <span class='ocrx_word' id='word_1_79' title='bbox 1201 1709 1320 1774; x_wconf 80' lang='lat'>20:</span> <span class='ocrx_word' id='word_1_80' title='bbox 1371 1709 1643 1794; x_wconf 80' lang='lat' dir='ltr'>„eadere</span> <span class='ocrx_word' id='word_1_81' title='bbox 1686 1709 1759 1773; x_wconf 91' lang='lat' dir='ltr'>in</span> <span class='ocrx_word' id='word_1_82' title='bbox 1805 1707 2200 1774; x_wconf 77' lang='lat' dir='ltr'>directum.&#39;&#39;</span> <span class='ocrx_word' id='word_1_83' title='bbox 2231 1706 2276 1785; x_wconf 92' lang='lat'>¹)</span> 
     </span>
    </p>

    <p class='ocr_par' dir='ltr' id='par_1_6' title="bbox 775 1827 2973 2397">
     <span class='ocr_line' id='line_1_11' title="bbox 866 1827 2973 1912; baseline -0.001 -16"><span class='ocrx_word' id='word_1_84' title='bbox 866 1829 1049 1912; x_wconf 79' lang='lat' dir='ltr'>Quod</span> <span class='ocrx_word' id='word_1_85' title='bbox 1117 1832 1346 1895; x_wconf 78' lang='lat' dir='ltr'>autem</span> <span class='ocrx_word' id='word_1_86' title='bbox 1417 1830 1766 1896; x_wconf 75' lang='lat' dir='ltr'>amovendi</span> <span class='ocrx_word' id='word_1_87' title='bbox 1840 1830 2314 1896; x_wconf 78' lang='lat' dir='ltr'>tantummodo</span> <span class='ocrx_word' id='word_1_88' title='bbox 2397 1827 2619 1896; x_wconf 86' lang='lat' dir='ltr'>verbis</span> <span class='ocrx_word' id='word_1_89' title='bbox 2702 1829 2973 1909; x_wconf 86' lang='lat' dir='ltr'>adiungi</span> 
     </span>
     <span class='ocr_line' id='line_1_12' title="bbox 775 1950 2971 2034; baseline -0.001 -16"><span class='ocrx_word' id='word_1_90' title='bbox 775 1953 1168 2018; x_wconf 89' lang='lat' dir='ltr'>adverbium</span> <span class='ocrx_word' id='word_1_91' title='bbox 1215 1956 1523 2018; x_wconf 74' lang='lat' dir='ltr'>nostrum</span> <span class='ocrx_word' id='word_1_92' title='bbox 1571 1952 1890 2033; x_wconf 82' lang='lat' dir='ltr'>dicebam,</span> <span class='ocrx_word' id='word_1_93' title='bbox 1922 1969 2101 2016; x_wconf 91' lang='lat' dir='ltr'>unus</span> <span class='ocrx_word' id='word_1_94' title='bbox 2146 1952 2251 2016; x_wconf 84' lang='lat' dir='ltr'>hic</span> <span class='ocrx_word' id='word_1_95' title='bbox 2297 1956 2623 2034; x_wconf 78' lang='lat' dir='ltr'>repugnat</span> <span class='ocrx_word' id='word_1_96' title='bbox 2646 1950 2971 2017; x_wconf 83' lang='lat' dir='ltr'>Curculio-</span> 
     </span>
     <span class='ocr_line' id='line_1_13' title="bbox 776 2070 2970 2155; baseline -0.002 -16"><span class='ocrx_word' id='word_1_97' title='bbox 776 2073 885 2140; x_wconf 90' lang='lat' dir='ltr'>nis</span> <span class='ocrx_word' id='word_1_98' title='bbox 940 2074 1142 2154; x_wconf 79' lang='lat' dir='ltr'>locus,</span> <span class='ocrx_word' id='word_1_99' title='bbox 1207 2090 1410 2155; x_wconf 88' lang='lat' dir='ltr'>quare</span> <span class='ocrx_word' id='word_1_100' title='bbox 1471 2089 1604 2138; x_wconf 91' lang='lat' dir='ltr'>non</span> <span class='ocrx_word' id='word_1_101' title='bbox 1666 2072 1944 2138; x_wconf 91' lang='lat' dir='ltr'>dubium</span> <span class='ocrx_word' id='word_1_102' title='bbox 2002 2073 2292 2148; x_wconf 62' lang='lat' dir='ltr'>videtur,</span> <span class='ocrx_word' id='word_1_103' title='bbox 2353 2073 2513 2154; x_wconf 91' lang='lat' dir='ltr'>quin</span> <span class='ocrx_word' id='word_1_104' title='bbox 2575 2073 2753 2138; x_wconf 87' lang='lat' dir='ltr'>aliud</span> <span class='ocrx_word' id='word_1_105' title='bbox 2813 2070 2970 2153; x_wconf 90' lang='lat' dir='ltr'>quid</span> 
     </span>
     <span class='ocr_line' id='line_1_14' title="bbox 776 2191 2972 2279; baseline 0 -21"><span class='ocrx_word' id='word_1_106' title='bbox 776 2194 866 2258; x_wconf 91' lang='lat' dir='ltr'>ibi</span> <span class='ocrx_word' id='word_1_107' title='bbox 913 2196 1007 2260; x_wconf 76' lang='lat' dir='ltr'>sit</span> <span class='ocrx_word' id='word_1_108' title='bbox 1050 2194 1436 2274; x_wconf 89' lang='lat' dir='ltr'>legendum:</span> <span class='ocrx_word' id='word_1_109' title='bbox 1495 2194 1743 2260; x_wconf 81' lang='lat' dir='ltr'>conicio</span> <span class='ocrx_word' id='word_1_110' title='bbox 1790 2201 2021 2260; x_wconf 79' lang='lat' dir='ltr'>autem</span> <span class='ocrx_word' id='word_1_111' title='bbox 2066 2194 2423 2279; x_wconf 67' lang='lat' dir='ltr'>daffraotus</span> <span class='ocrx_word' id='word_1_112' title='bbox 2468 2191 2818 2270; x_wconf 77' lang='lat' dir='ltr'>(traditum</span> <span class='ocrx_word' id='word_1_113' title='bbox 2863 2196 2972 2258; x_wconf 79' lang='lat' dir='ltr'>est</span> 
     </span>
     <span class='ocr_line' id='line_1_15' title="bbox 775 2314 1158 2397; baseline -0.01 -17"><span class='ocrx_word' id='word_1_114' title='bbox 775 2314 1158 2397; x_wconf 65' lang='lat' dir='ltr'>dier-uetus).</span> 
     </span>
    </p>
   </div>
   <div class='ocr_carea' id='block_1_3' title="bbox 776 2470 1164 2478">
    <p class='ocr_par' dir='ltr' id='par_1_7' title="bbox 776 2470 1164 2478">
     <span class='ocr_line' id='line_1_16' title="bbox 776 2470 1164 2478; baseline 0 2822"><span class='ocrx_word' id='word_1_115' title='bbox 776 2470 1164 2478; x_wconf 95' lang='lat' dir='ltr'> </span> 
     </span>
    </p>
   </div>
   <div class='ocr_carea' id='block_1_4' title="bbox 779 2568 2976 2902">
    <p class='ocr_par' dir='ltr' id='par_1_8' title="bbox 779 2568 2976 2902">
     <span class='ocr_line' id='line_1_17' title="bbox 850 2568 2976 2642; baseline -0.002 -14"><span class='ocrx_word' id='word_1_116' title='bbox 850 2575 901 2638; x_wconf 86' lang='lat'>1)</span> <span class='ocrx_word' id='word_1_117' title='bbox 945 2573 1015 2627; x_wconf 81' lang='lat' dir='ltr'>Ut</span> <span class='ocrx_word' id='word_1_118' title='bbox 1049 2573 1282 2636; x_wconf 73' lang='lat' dir='ltr'>directus,</span> <span class='ocrx_word' id='word_1_119' title='bbox 1330 2570 1406 2626; x_wconf 87' lang='lat' dir='ltr'>sio</span> <span class='ocrx_word' id='word_1_120' title='bbox 1453 2574 1508 2625; x_wconf 79' lang='lat' dir='ltr'>et</span> <span class='ocrx_word' id='word_1_121' title='bbox 1544 2571 1772 2624; x_wconf 74' lang='lat' dir='ltr'>diversus</span> <span class='ocrx_word' id='word_1_122' title='bbox 1808 2569 1963 2624; x_wconf 75' lang='lat' dir='ltr'>variis</span> <span class='ocrx_word' id='word_1_123' title='bbox 1998 2568 2277 2624; x_wconf 79' lang='lat' dir='ltr'>adhibetur</span> <span class='ocrx_word' id='word_1_124' title='bbox 2309 2569 2506 2625; x_wconf 72' lang='lat' dir='ltr'>modis:</span> <span class='ocrx_word' id='word_1_125' title='bbox 2544 2587 2723 2636; x_wconf 82' lang='lat' dir='ltr'>„suam</span> <span class='ocrx_word' id='word_1_126' title='bbox 2760 2569 2976 2642; x_wconf 73' lang='lat' dir='ltr'>quisque</span> 
     </span>
     <span class='ocr_line' id='line_1_18' title="bbox 779 2655 2975 2725; baseline -0.002 -9"><span class='ocrx_word' id='word_1_127' title='bbox 779 2661 926 2716; x_wconf 79' lang='lat' dir='ltr'>ibant</span> <span class='ocrx_word' id='word_1_128' title='bbox 961 2660 1158 2715; x_wconf 81' lang='lat' dir='ltr'>divorsi</span> <span class='ocrx_word' id='word_1_129' title='bbox 1195 2658 1446 2714; x_wconf 80' lang='lat' dir='ltr'>domu1n”</span> <span class='ocrx_word' id='word_1_130' title='bbox 1477 2657 1617 2712; x_wconf 82' lang='lat' dir='ltr'>Rud.</span> <span class='ocrx_word' id='word_1_131' title='bbox 1659 2659 1815 2721; x_wconf 75' lang='lat'>1255;</span> <span class='ocrx_word' id='word_1_132' title='bbox 1856 2655 2123 2724; x_wconf 85' lang='lat' dir='ltr'>„divorsus</span> <span class='ocrx_word' id='word_1_133' title='bbox 2162 2656 2459 2713; x_wconf 64' lang='lat' dir='ltr'>distrahor-’⁹</span> <span class='ocrx_word' id='word_1_134' title='bbox 2496 2658 2655 2712; x_wconf 84' lang='lat' dir='ltr'>Mero.</span> <span class='ocrx_word' id='word_1_135' title='bbox 2695 2659 2825 2722; x_wconf 82' lang='lat'>470;</span> <span class='ocrx_word' id='word_1_136' title='bbox 2871 2657 2975 2725; x_wconf 89' lang='lat' dir='ltr'>„di-</span> 
     </span>
     <span class='ocr_line' id='line_1_19' title="bbox 782 2742 2973 2813; baseline -0.001 -12"><span class='ocrx_word' id='word_1_137' title='bbox 782 2766 959 2803; x_wconf 82' lang='lat' dir='ltr'>versae</span> <span class='ocrx_word' id='word_1_138' title='bbox 995 2746 1167 2803; x_wconf 79' lang='lat' dir='ltr'>state”</span> <span class='ocrx_word' id='word_1_139' title='bbox 1201 2746 1354 2801; x_wconf 84' lang='lat' dir='ltr'>Trne.</span> <span class='ocrx_word' id='word_1_140' title='bbox 1394 2748 1426 2806; x_wconf 85' lang='lat'>7</span> <span class='ocrx_word' id='word_1_141' title='bbox 1429 2746 1504 2801; x_wconf 81' lang='lat'>97-</span> <span class='ocrx_word' id='word_1_142' title='bbox 1511 2769 1528 2811; x_wconf 84' lang='lat'>3</span> <span class='ocrx_word' id='word_1_143' title='bbox 1565 2744 1810 2811; x_wconf 81' lang='lat' dir='ltr'>„divorse</span> <span class='ocrx_word' id='word_1_144' title='bbox 1845 2742 2099 2799; x_wconf 79' lang='lat' dir='ltr'>trahunt”</span> <span class='ocrx_word' id='word_1_145' title='bbox 2137 2746 2255 2812; x_wconf 76' lang='lat' dir='ltr'>(atii</span> <span class='ocrx_word' id='word_1_146' title='bbox 2288 2744 2615 2813; x_wconf 72' lang='lat' dir='ltr'>„divorsae’&#39;)</span> <span class='ocrx_word' id='word_1_147' title='bbox 2649 2744 2766 2799; x_wconf 84' lang='lat' dir='ltr'>Ter.</span> <span class='ocrx_word' id='word_1_148' title='bbox 2805 2745 2973 2800; x_wconf 86' lang='lat' dir='ltr'>Andr.</span> 
     </span>
     <span class='ocr_line' id='line_1_20' title="bbox 781 2829 2972 2902; baseline -0.001 -12"><span class='ocrx_word' id='word_1_149' title='bbox 781 2837 912 2902; x_wconf 76' lang='lat'><strong>2603</strong></span> <span class='ocrx_word' id='word_1_150' title='bbox 954 2835 1194 2900; x_wconf 83' lang='lat' dir='ltr'>„diverse</span> <span class='ocrx_word' id='word_1_151' title='bbox 1229 2832 1502 2889; x_wconf 77' lang='lat' dir='ltr'>ieoebant”</span> <span class='ocrx_word' id='word_1_152' title='bbox 1540 2833 1696 2886; x_wconf 81' lang='lat' dir='ltr'>Auct.</span> <span class='ocrx_word' id='word_1_153' title='bbox 1739 2831 1799 2885; x_wconf 88' lang='lat' dir='ltr'>B.</span> <span class='ocrx_word' id='word_1_154' title='bbox 1838 2829 1952 2884; x_wconf 82' lang='lat' dir='ltr'>Afr.</span> <span class='ocrx_word' id='word_1_155' title='bbox 1990 2831 2089 2896; x_wconf 78' lang='lat'>403</span> <span class='ocrx_word' id='word_1_156' title='bbox 2130 2830 2419 2898; x_wconf 77' lang='lat' dir='ltr'>„divor-siue</span> <span class='ocrx_word' id='word_1_157' title='bbox 2450 2830 2823 2887; x_wconf 79' lang='lat' dir='ltr'>conciderant&#39;’</span> <span class='ocrx_word' id='word_1_158' title='bbox 2851 2831 2972 2887; x_wconf 73' lang='lat' dir='ltr'>Sall.</span> 
     </span>
    </p>
   </div>
   <div class='ocr_carea' id='block_1_5' title="bbox 781 2915 3103 2991">
    <p class='ocr_par' dir='ltr' id='par_1_9' title="bbox 781 2915 3103 2991">
     <span class='ocr_line' id='line_1_21' title="bbox 781 2915 3103 2991; baseline -0.003 -14"><span class='ocrx_word' id='word_1_159' title='bbox 781 2923 892 2977; x_wconf 75' lang='lat' dir='ltr'>Cat.</span> <span class='ocrx_word' id='word_1_160' title='bbox 945 2923 1042 2987; x_wconf 75' lang='lat'>613</span> <span class='ocrx_word' id='word_1_161' title='bbox 1089 2919 1419 2991; x_wconf 78' lang='lat' dir='ltr'>„dispennite</span> <span class='ocrx_word' id='word_1_162' title='bbox 1465 2917 1730 2973; x_wconf 88' lang='lat' dir='ltr'>hominem</span> <span class='ocrx_word' id='word_1_163' title='bbox 1767 2915 2072 2970; x_wconf 84' lang='lat' dir='ltr'>divorsum”</span> <span class='ocrx_word' id='word_1_164' title='bbox 2108 2916 2281 2975; x_wconf 79' lang='lat' dir='ltr'>Plaut.</span> <span class='ocrx_word' id='word_1_165' title='bbox 2319 2918 2432 2972; x_wconf 84' lang='lat' dir='ltr'>Mil.</span> <span class='ocrx_word' id='word_1_166' title='bbox 2478 2919 2641 2985; x_wconf 77' lang='lat'>14073</span> <span class='ocrx_word' id='word_1_167' title='bbox 2676 2918 2766 2985; x_wconf 84' lang='lat' dir='ltr'>„in</span> <span class='ocrx_word' id='word_1_168' title='bbox 2803 2918 2975 2973; x_wconf 87' lang='lat' dir='ltr'>diver·</span> <span class='ocrx_word' id='word_1_169' title='bbox 3096 2932 3103 2939; x_wconf 92' lang='lat'>·</span> 
     </span>
    </p>
   </div>
   <div class='ocr_carea' id='block_1_6' title="bbox 780 3003 2877 3077">
    <p class='ocr_par' dir='ltr' id='par_1_10' title="bbox 780 3003 2877 3077">
     <span class='ocr_line' id='line_1_22' title="bbox 780 3003 2877 3077; baseline -0.002 -13"><span class='ocrx_word' id='word_1_170' title='bbox 780 3028 890 3064; x_wconf 87' lang='lat' dir='ltr'>sum</span> <span class='ocrx_word' id='word_1_171' title='bbox 931 3006 1182 3063; x_wconf 56' lang='lat' dir='ltr'>trahunt?</span> <span class='ocrx_word' id='word_1_172' title='bbox 1220 3006 1340 3061; x_wconf 84' lang='lat' dir='ltr'>Liv.</span> <span class='ocrx_word' id='word_1_173' title='bbox 1377 3005 1557 3070; x_wconf 87' lang='lat' dir='ltr'>XXV,</span> <span class='ocrx_word' id='word_1_174' title='bbox 1595 3006 1682 3074; x_wconf 80' lang='lat'>11,</span> <span class='ocrx_word' id='word_1_175' title='bbox 1721 3006 1769 3059; x_wconf 89' lang='lat'>8.</span> <span class='ocrx_word' id='word_1_176' title='bbox 1807 3003 2041 3058; x_wconf 80' lang='lat' dir='ltr'>Eandem</span> <span class='ocrx_word' id='word_1_177' title='bbox 2078 3003 2164 3059; x_wconf 83' lang='lat' dir='ltr'>hic</span> <span class='ocrx_word' id='word_1_178' title='bbox 2193 3004 2521 3077; x_wconf 52' lang='lat' dir='ltr'>agnowmus</span> <span class='ocrx_word' id='word_1_179' title='bbox 2558 3005 2877 3061; x_wconf 80' lang='lat' dir='ltr'>varietatem.</span> 
     </span>
    </p>
   </div>
  </div>
 </body>
</html>
