3459 5300
1750 581 1837 645 90

696 767 767 832 in
815 769 1296 846 Vortumnum,
1357 769 1552 836 ouius
1609 768 1717 835 dei
1778 769 2049 849 signum
2107 768 2424 835 exstabat
2468 767 2540 833 in
2583 768 2719 834 fine
2766 768 2897 836 vici

695 892 915 958 Tusci.
975 891 1157 973 Quod
1205 895 1435 958 autem
1482 890 1659 957 idem
1707 890 1813 956 vir
1859 891 2098 957 doctus
2143 890 2418 956 disserit
2462 889 2547 955 ad
2592 891 2897 957 coniunc-

694 1013 921 1079 tivum
965 1011 1436 1093 explicandum
1481 1013 1551 1077 et
1598 1011 1679 1076 de
1725 1011 2207 1090 significatione
2249 1012 2606 1078 verborum
2646 1014 2897 1077 vortere

693 1138 766 1200 et
825 1136 1113 1211 versari,
1177 1152 1310 1200 non
1358 1150 1634 1216 possum
1681 1132 2029 1198 assentiri:
2089 1133 2244 1220 „der
2290 1132 2693 1215 Oonjunotiv
2738 1133 2895 1199 aber

692 1254 945 1321 erklart
1005 1255 1146 1321 sich
1207 1271 1345 1320 nun
1408 1253 1667 1320 einfaoh
1725 1254 1931 1320 durch
1979 1254 2083 1320 die
2129 1253 2685 1321 vorsohwebende
2736 1255 2898 1321 Vor-

696 1376 1005 1456 stellung,
1032 1351 1214 1442 'dass
1261 1375 1428 1441 Gott
1475 1374 1899 1441 Vertumnus
1944 1392 2019 1441 es
2064 1375 2180 1451 sei,
2229 1374 2344 1440 der
2381 1375 2525 1440 hier
2562 1378 2738 1442 statt
2776 1374 2896 1441 das

694 1497 857 1564 Jahr
918 1497 1074 1564 oder
1134 1498 1265 1564 den
1328 1495 1526 1562 Fluss
1588 1514 1673 1561 zu
1738 1496 2014 1562 wenden
2066 1531 2149 1544 -
2196 1497 2318 1562 das
2364 1513 2593 1562 waren
2641 1497 2747 1563 die
2794 1513 2897 1578 ge·

697 1617 1114 1685 wehnliohen
1166 1617 1648 1697 Herleitungen
1696 1616 1815 1682 des
1862 1617 2161 1683 Namens
2210 1653 2291 1664 —
2341 1617 2683 1692 vielmehr,
2735 1619 2894 1683 wie

694 1741 841 1807 der
903 1740 1162 1806 Name
1223 1755 1314 1806 es
1376 1739 1649 1818 zeige,
1708 1738 1813 1805 die
1861 1735 2099 1804 Sohuld
2147 1740 2352 1822 trage,
2403 1740 2559 1806 dass
2606 1739 2750 1806 hier
2793 1757 2896 1821 ge·

694 1861 889 1928 dreht
946 1860 1165 1926 werde
1212 1853 1358 1926 was'
1401 1877 1484 1925 zu
1532 1858 1779 1924 drehen
1827 1859 1991 1925 sei”.
2064 1860 2237 1926 Tum
2283 1836 2535 1926 vortere
2578 1861 2895 1945 interpre-

693 1987 881 2049 tatur
927 1983 1220 2064 decipere
1264 1955 1988 2067 (,‚Bauernfangerei”).
2036 1980 2174 2060 Ego
2204 1998 2361 2048 vero
2384 1983 2891 2049 coniunctivum

695 2105 1062 2186 simplicius
1124 2103 1439 2184 explicari
1499 2106 1570 2168 et
1633 2119 1831 2184 posse
1892 2106 1962 2168 et
2023 2102 2258 2169 debere
2317 2121 2575 2190 censeo.
2625 2106 2664 2170 J
2668 2123 2893 2172 oRDAN

693 2228 826 2293 tria
882 2225 1233 2291 hominum
1296 2241 1539 2305 genera
1598 2226 1954 2291 memorari
2014 2225 2387 2302 existimat,
2449 2243 2570 2307 ego
2615 2230 2891 2294 tantum

693 2348 843 2413 duo.
923 2345 1287 2434 „Homines
1334 2346 1449 2430 qui
1492 2346 1618 2428 ipsi
1669 2363 1818 2412 sese
1865 2345 2267 2412 venditant”
2314 2347 2384 2412 in
2431 2347 2599 2414 duas
2646 2348 2893 2416 classes

693 2472 891 2550 poeta
957 2468 1233 2550 dividit3
1303 2467 1663 2534 relativum
1732 2469 1850 2549 qui
1914 2470 2023 2533 est
2084 2468 2447 2535 relativum
2507 2469 2738 2552 finale3
2802 2471 2894 2537 illi

693 2588 1000 2658 homines
1047 2605 1119 2655 66
1165 2588 1522 2655 venditant
1565 2587 1674 2656 vel
1720 2590 1799 2655 ut
1843 2590 2120 2655 vortant
2160 2588 2265 2656 vel
2302 2593 2382 2656 ut
2421 2607 2493 2657 se
2532 2591 2893 2673 praebeant

695 2715 775 2778 ut
817 2715 1193 2778 vorsentur.
1242 2711 1426 2792 Quod
1473 2711 1801 2793 quomodo
1846 2711 2349 2792 intelligendum
2396 2715 2509 2797 sit,
2554 2714 2720 2780 mihi
2758 2732 2894 2781 non

559 2882 570 2895 .
694 2834 973 2899 dubium
1020 2833 1316 2898 videturt
1366 2833 1437 2897 in
1483 2833 1882 2899 obscaenam
1923 2836 2187 2913 partem
2223 2834 2334 2899 illa
2372 2836 2577 2901 verba
2598 2835 2893 2903 adhiberi

694 2970 1092 3037 persuasum
1161 2953 1326 3019 mihi
1384 2957 1512 3019 est.
1577 2954 2017 3035 Quamquam,
2079 2955 2294 3036 quoad
2359 2956 2513 3037 soi0‚
2580 2958 2893 3024 versandi

693 3077 977 3143 verbum
1046 3093 1381 3158 nusquam
1447 3075 1603 3141 alibi
1669 3075 1851 3141 illam
1920 3075 2063 3141 vim
2123 3077 2345 3153 habet,
2408 3080 2639 3144 tamen
2700 3077 2889 3145 facile

694 3199 836 3265 fieri
898 3199 1119 3280 potuit
1177 3201 1258 3263 ut
1314 3198 1384 3263 in
1446 3198 1698 3280 plebeio
1745 3214 2053 3263 sermone
2098 3198 2210 3263 illa
2254 3198 2737 3279 significatione
2782 3200 2888 3266 ad·

693 3321 1053 3396 hiberetur,
1132 3324 1204 3385 et
1263 3319 1565 3399 Plautus
1649 3321 1728 3384 ut
1789 3318 1860 3383 in
1923 3318 2287 3385 Vortumni
2340 3320 2609 3387 nomine
2668 3320 2891 3388 ludere

695 3445 943 3525 posset,
1003 3442 1297 3524 primum
1357 3443 1612 3506 vortere
1670 3442 2044 3521 usurparet,
2101 3440 2335 3507 deinde
2380 3444 2668 3519 vorsari,
2716 3443 2889 3524 quod

694 3565 979 3632 fortasse
1024 3563 1240 3643 magis
1285 3578 1362 3627 eo
1409 3578 1614 3627 sensu
1662 3561 2106 3643 adhiberetur,
2157 3562 2334 3628 siout
2379 3565 2692 3645 exposuit
2737 3564 2777 3630 J
2780 3582 2885 3631 on·

694 3703 854 3761 111111,
923 3685 1039 3766 qui
1106 3687 1357 3760 tamen,
1421 3683 1637 3764 siquid
1699 3681 1914 3759 videO,
1953 3683 2127 3764 quod
2188 3684 2272 3748 ad
2335 3683 2890 3764 significationem

693 3806 964 3888 attinet,
1007 3809 1208 3871 errat.
1277 3805 1391 3871 An
1437 3805 1724 3872 fortasse
1772 3807 1969 3886 poeta
2013 3805 2139 3872 1106
2185 3809 2465 3891 spectat,
2515 3810 2595 3873 ut
2640 3815 2894 3874 vortere

695 3931 973 4011 usurpet
1016 3929 1097 3994 de
1147 3927 1248 4004 iis,
1293 3927 1406 4023 qui
1453 3926 1519 3993 id
1566 3926 1824 3992 faciunt
1860 3928 2185 4007 quaestus
2224 3944 2447 4006 causa,
2473 3929 2892 3995 intensivum

693 4053 923 4116 autem
988 4066 1261 4115 versare
1326 4048 1406 4113 de
1475 4048 1578 4124 116,
1648 4047 1765 4129 qui
1833 4047 2089 4113 libidini
2150 4047 2548 4129 indulgent?
2615 4050 2896 4132 Propter

695 4170 1252 4252 significationem
1313 4169 1694 4236 conferatur
1756 4185 1963 4233 arare
2024 4168 2239 4246 (Truo.
2308 4170 2432 4236 147
2498 4178 2690 4253 sqq.)‚
2736 4188 2891 4238 oum

693 4296 946 4360 vortere
990 4296 1060 4359 et
1105 4294 1372 4359 versari
1416 4292 1625 4358 etiam
1672 4290 1944 4356 notione
1990 4290 2224 4355 arandi
2268 4291 2730 4359 adhibeantur.

784 4415 1104 4497 Quamvis
1164 4413 1370 4495 igitur
1432 4431 1532 4480 vs.
1599 4412 1729 4480 483
1792 4415 1864 4479 et
1926 4410 2058 4479 485
2104 4412 2539 4499 interpolatos
2582 4430 2732 4483 6666
2778 4413 2888 4481 de·
