3459 5300
1759 572 1845 635 92

880 754 1349 838 Symbolarum
1396 753 1742 821 collatores
1787 755 1963 836 apud
2010 755 2227 820 forum
2274 754 2654 836 piscarium.

789 921 986 986 Hunc
1035 937 1308 987 versum
1347 921 1652 987 URLIOHS
1675 916 1722 1005 ¹)
1761 919 2035 986 collocat
2074 923 2227 1002 post
2267 938 2368 987 vs.
2412 922 2563 986 480.
2603 921 2894 1005 Etenim,

696 1041 761 1107 id
823 1042 996 1124 quod
1054 1048 1126 1107 et
1187 1042 1297 1108 alii
1359 1043 1491 1108 viri
1551 1043 1728 1109 docti
1792 1046 2132 1119 statuunt,
2190 1044 2553 1124 posteriore
2599 1049 2897 1125 tempore

696 1161 914 1229 forum
983 1163 1420 1244 piscatorium
1481 1162 1588 1229 vel
1650 1163 2005 1230 macellum
2064 1165 2135 1229 in
2199 1165 2710 1244 septentrionali
2770 1154 2895 1231 fori

695 1287 886 1364 parte
947 1285 1316 1362 exstitisse,
1373 1285 1795 1367 existimanS,
1843 1285 2065 1352 Plauti
2112 1289 2335 1352 aetate
2384 1284 2538 1352 illud
2586 1304 2895 1368 quaeren-

694 1406 856 1472 dum
910 1422 1058 1472 esse
1101 1406 1173 1470 in
1217 1406 1498 1472 australi
1544 1410 1736 1489 parte
1780 1410 2000 1488 putat.
2053 1407 2233 1488 Quae
2279 1408 2500 1490 opinio
2545 1409 2767 1490 plures
2815 1410 2895 1475 ob

694 1545 932 1594 causas
1003 1544 1076 1594 se
1143 1528 1609 1594 commendare
1672 1529 1733 1593 ei
1798 1527 2083 1594 videtur.
2149 1529 2451 1595 Primum
2513 1531 2683 1611 quod
2746 1534 2895 1597 tum

694 1650 1036 1730 parabasis
1080 1666 1454 1730 congruens
1499 1649 1992 1730 aequabilisque
2038 1651 2318 1732 evadat;
2358 1653 2464 1716 ter
2500 1652 2682 1716 enim
2722 1653 2897 1718 terni

694 1770 817 1838 loci
884 1775 1512 1846 commemorantur,
1581 1774 1724 1837 tres
1784 1772 2291 1854 septentrionali
2350 1775 2562 1854 parte,
2627 1777 2767 1839 tres
2825 1774 2894 1838 in

694 1907 870 1970 area,
941 1897 1083 1959 tres
1149 1893 1218 1959 in
1288 1898 1478 1975 parte
1545 1894 1826 1960 australi
1896 1893 2097 1970 (ultra
2158 1898 2605 1960 memoratam
2664 1896 2894 1961 aedem

695 2014 992 2080 Castoris
1038 2032 1171 2081 non
1219 2031 1647 2096 progressum
1693 2031 1841 2080 esse
1889 2015 2249 2095 choragum
2274 2015 2667 2082 ‚arbitratur
2691 2034 2754 2081 v.
2781 2017 2893 2093 d.).

696 2136 898 2216 Quasi
959 2153 1116 2202 vero
1179 2137 1292 2218 qui
1354 2137 1516 2203 talia
1571 2137 1886 2202 describit
1931 2137 2438 2217 congruentiam
2485 2154 2716 2203 curare
2761 2155 2893 2202 om·

696 2257 854 2324 nino
925 2259 1140 2340 possit
1208 2274 1423 2339 neque
1489 2258 1635 2327 veri
1696 2275 1921 2323 rerum
1979 2262 2205 2324 status
2265 2259 2596 2325 rationem
2657 2260 2895 2326 habere

695 2379 952 2445 debeat.
1023 2379 1274 2445 Deinde
1341 2382 1541 2461 putat
1611 2379 1718 2445 vir
1787 2380 2041 2462 doctus„
2109 2379 2167 2445 si
2230 2379 2454 2460 ipsum
2516 2397 2895 2462 sequamur,

694 2501 1004 2566 lacunam
1070 2502 1248 2566 inter
1305 2501 1620 2566 tabernas
1680 2502 1752 2565 et
1811 2500 2043 2566 aedem
2106 2499 2401 2566 Castoris
2464 2501 2733 2582 expleri.
2798 2503 2897 2566 At

694 2623 966 2690 omnino
1002 2623 1387 2705 ignoramus
1426 2622 1603 2689 inter
1641 2622 1787 2689 illas
1827 2639 2121 2688 vacuum
2159 2623 2367 2689 fuisse
2404 2623 2644 2689 locum.
2673 2623 2897 2690 Tertio

696 2744 833 2811 loco
893 2746 1320 2811 contenditur
1379 2749 1543 2811 tunc
1590 2761 1996 2839 consensum
2042 2748 2313 2811 exstare
2359 2746 2536 2811 inter
2582 2745 2897 2811 Plautum

697 2871 766 2934 et
810 2867 1101 2934 Livium.
1160 2867 1531 2934 Existimat
1579 2869 1761 2933 enim
1808 2867 2114 2933 URmoHs
2159 2883 2240 2932 ex
2288 2866 2465 2932 Livii
2510 2868 2650 2933 loco
2696 2884 2897 2949 supra

695 2993 987 3056 tractato
1032 2989 1449 3056 efficiendum
1496 3006 1645 3056 esse
1689 2989 2075 3055 incendium
2120 2990 2191 3054 in
2238 2992 2522 3070 utraque
2560 2989 2681 3055 fori
2706 2992 2897 3071 parte

697 3112 899 3179 simul
962 3116 1265 3178 coortum
1324 3128 1507 3177 esse:
1573 3111 1644 3177 in
1707 3110 1988 3176 australi
2034 3113 2225 3191 parte
2272 3113 2532 3191 septem
2581 3111 2894 3177 tabernas

697 3235 867 3301 sitas
936 3233 1164 3315 fuisse,
1227 3234 1296 3298 in
1361 3238 1550 3315 parte
1615 3232 2122 3314 septentrionali
2189 3231 2663 3319 „argentarias
2725 3248 2893 3314 quae

697 3373 878 3422 nunc
942 3355 1168 3422 Novae
1227 3353 1712 3437 appellantur”;
1760 3355 1867 3420 bic
1914 3358 2145 3420 autem
2192 3354 2703 3435 comprehensas
2750 3369 2895 3419 esse

696 3478 1118 3553 LautumiaS‚
1188 3475 1319 3542 illic
1388 3478 1639 3542 atrium
1709 3477 1989 3556 regium.
2061 3475 2388 3555 Quoniam
2447 3491 2604 3540 vero
2659 3475 2893 3541 Livius

697 3601 998 3683 proximo
1059 3616 1236 3665 anno
1296 3598 1684 3665 reficiendas
1744 3598 1996 3665 locatas
2042 3614 2191 3663 esse
2239 3597 2447 3675 tradit
2492 3604 2749 3678 septem
2796 3600 2891 3663 ta-

697 3725 957 3804 bernaS,
1023 3721 1394 3802 macellum,
1449 3721 1699 3787 atrium
1745 3719 2022 3803 regium,
2076 3719 2191 3785 sed
2238 3735 2449 3799 neque
2495 3717 2895 3783 Lautumias

698 3848 1176 3911 commemorat
1235 3860 1448 3925 neque
1515 3841 1973 3929 „argentarias
2019 3858 2189 3923 quae
2237 3857 2293 3905 e.
2321 3859 2382 3922 q.
2410 3838 2534 3917 s.”,
2583 3840 2738 3905 inde
2782 3838 2897 3905 col·

697 3968 846 4047 ligit
903 3968 1007 4033 vir
1067 3968 1326 4043 doctuS‚
1373 3982 1529 4031 cum
1577 3964 1931 4030 macellum
1979 3964 2158 4029 inter
2204 3965 2461 4045 septem
2512 3965 2901 4028 numeretur

699 4090 1015 4156 tabernas
1071 4090 1142 4155 et
1187 4088 1437 4155 atrium
1483 4087 1761 4169 regium,
1813 4102 1983 4169 quae
2030 4086 2227 4153 ambo
2276 4085 2347 4151 in
2394 4084 2675 4154 australi
2720 4082 2900 4151 collo·

773 4423 828 4492 1)
861 4420 896 4476 l.
934 4420 968 4477 l.
1005 4440 1054 4493 p.
1095 4421 1161 4476 86
1203 4438 1314 4493 sqq.
