3459 5300
1788 587 1878 652 80

725 769 996 836 Aediles
1043 768 1176 849 pl.''
1238 768 1334 835 De
1395 785 1525 851 quo
1584 769 1724 836 1060
1774 772 1871 838 616
1915 772 2218 854 disputat
2263 773 2601 838 URLmHs:
2658 789 2770 857 „so
2816 771 2937 837 hat

726 890 832 955 die
876 888 1098 967 stelle,
1148 891 1358 957 worin
1405 891 1511 957 die
1559 892 1946 974 Beziehung
1992 893 2116 959 auf
2155 894 2260 961 die
2308 895 2569 976 septem
2616 894 2935 960 tabernae

732 1013 939 1079 schon
1000 1029 1131 1078 von
1197 1015 1280 1078 A.
1345 1012 1777 1093 Augustinus
1840 1017 2231 1081 vermuthet
2288 1015 2425 1081 und
2472 1015 2603 1080 seit
2650 1013 2941 1094 Scaliger

731 1134 1115 1200 anerkannt
1160 1132 1428 1200 worden
1476 1133 1588 1216 ist,
1641 1135 1713 1200 Ο.
1766 1135 1997 1204 Μῠ1161·
2042 1135 2195 1202 dem
2243 1135 2448 1202 Sinne
2488 1136 2659 1202 nach
2698 1135 2941 1215 richtig

729 1256 1134 1338 hergestellt.
1201 1255 1346 1322 Nur
1390 1255 1611 1322 durfte
1673 1258 1744 1321 Z.
1797 1260 1857 1323 2.
1910 1260 2084 1324 statt
2129 1261 2205 1339 et,
2256 1258 2541 1324 welches
2590 1258 2825 1323 Miiller
2868 1257 2939 1322 in

731 1379 847 1444 sed
892 1377 1144 1443 andern
1193 1376 1438 1461 wollte,
1490 1377 1645 1442 61161·
1690 1380 1814 1444 etsi
1858 1397 1942 1445 zu
1980 1378 2164 1445 lesen
2190 1379 2355 1445 sein.
2403 1380 2442 1444 J
2445 1379 2761 1456 edenfalls
2784 1378 2942 1444 aber

735 1501 828 1566 ist
874 1500 942 1565 in
988 1499 1106 1565 der
1148 1498 1400 1565 letzten
1452 1498 1628 1565 Zeile
1674 1498 1790 1564 der
1836 1497 2172 1567 Vorname
2218 1501 2334 1566 des
2372 1499 2646 1565 Aedilen
2688 1499 2939 1581 Oppius
3037 1505 3044 1512 ·

737 1621 1201 1687 verschrieben
1250 1621 1389 1685 und
1434 1638 1558 1687 aus
1603 1621 1840 1687 Livius
1886 1640 1971 1688 zu
2019 1624 2432 1689 verbessern.
2482 1622 2670 1688 Denn
2716 1622 2802 1687 da
2847 1621 2934 1686 M.

734 1743 972 1810 Iunius
1019 1744 1274 1810 Brutus
1321 1744 1414 1809 im
1463 1743 1662 1810 Jahre
1709 1743 1839 1809 562
1889 1744 2017 1809 mit
2060 1745 2132 1809 L.
2176 1745 2423 1827 Oppius
2463 1744 2793 1810 Salinator
2833 1744 2937 1809 die

735 1867 1019 1932 Praetur
1080 1865 1449 1931 bekleidete
1513 1865 1686 1948 (Liv.
1752 1867 2052 1932 XXXV.
2103 1868 2238 1947 24.)
2300 1867 2467 1933 wird
2512 1885 2585 1933 er
2628 1866 2797 1932 auch
2844 1866 2939 1932 im

739 1989 939 2054 Jahre
990 1985 1121 2053 560
1172 1987 1300 2052 mit
1346 1986 1486 2052 ihm
1535 2005 1930 2053 zusammen
1978 1987 2170 2054 Aedil
2217 2005 2524 2068 gewesen
2571 1988 2718 2054 sein
2764 1988 2939 2072 (Liv.

741 2109 1045 2175 XXXV.
1098 2107 1252 2193 23).
1303 2107 1493 2174 Statt
1539 2108 1656 2173 des
1702 2124 1872 2188 ganz
1911 2109 2393 2175 unbekannten
2433 2099 2721 2191 Quintus
2746 2126 2940 2175 musz

737 2231 877 2299 also
940 2231 1046 2297 bei
1099 2231 1346 2296 'Festus
1394 2230 1467 2294 L.
1516 2229 1778 2310 gelesen
1826 2229 2116 2297 werden.
2186 2232 2317 2298 Der
2363 2232 2508 2297 Bau
2555 2232 2671 2297 der
2716 2231 2945 2298 Novae

740 2355 1060 2420 tabernae
1119 2351 1267 2418 fallt
1328 2351 1466 2418 also
1520 2352 1590 2417 in
1638 2352 1760 2418 das
1807 2352 1969 2418 Jahr
2020 2354 2194 2434 560„
2244 2352 2483 2433 gerade
2528 2353 2598 2418 in
2646 2352 2751 2418 die
2799 2352 2947 2418 Zeit

742 2477 1080 2542 zwischen
1148 2474 1300 2540 544.
1362 2475 1501 2541 und
1539 2473 1735 2552 569„
1787 2474 2034 2540 welche
2081 2476 2343 2541 Ritschl
2389 2475 2530 2540 Ind.
2580 2475 2728 2540 lect.
2776 2475 2945 2541 aest.

749 2595 942 2664 1845.
993 2615 1054 2679 p.
1104 2593 1309 2679 VIII„
1366 2597 1536 2663 ohne
1583 2596 1831 2662 Festus
1878 2595 2079 2663 Stelle
2124 2615 2208 2664 zu
2256 2597 2545 2679 konnen,
2596 2596 2944 2664 scharfsin·

742 2720 855 2800 nig
899 2718 1358 2785 bestimmte’'.
1406 2718 1799 2799 Videamus,
1849 2734 2018 2800 quae
2065 2718 2269 2784 fuerit
2316 2720 2702 2785 R1rsomin11
2749 2719 2944 2785 ratio-

742 2840 1024 2906 cinatio:
1095 2841 1389 2922 primum
1459 2857 1545 2906 ex
1614 2840 1788 2906 Livii
1856 2840 1936 2905 de
2005 2840 2420 2923 argentariis,
2497 2852 2705 2925 „quae
2769 2858 2949 2906 nunc

744 2962 974 3028 Novae
1021 2960 1506 3042 appellantur’'‚
1555 2960 1823 3028 silentio
1870 2960 2132 3042 collegit
2176 2962 2513 3044 posterius
2536 2962 2807 3028 demum
2833 2978 2949 3027 eas

743 3084 1103 3149 restitutas
1155 3099 1324 3165 esse,
1373 3082 1606 3149 deinde
1651 3084 1775 3149 1106
1820 3083 1964 3149 fieri
2012 3083 2320 3149 debuisse
2366 3087 2525 3149 ante
2572 3101 2631 3148 a.
2685 3082 2815 3151 570
2862 3102 2947 3151 ex

744 3207 870 3273 hac
932 3221 1002 3270 re
1061 3204 1302 3271 efficit:
1371 3222 1487 3289 „eo
1555 3205 1736 3271 enim
1785 3221 1962 3270 anno
2012 3208 2191 3271 teste
2235 3204 2426 3271 Livio
2472 3205 2812 3281 XXXIX,
2862 3206 2945 3272 44

744 3330 830 3394 M.
873 3327 1037 3393 Oato
1078 3326 1158 3392 ad
1199 3326 1677 3392 aedificandam
1706 3328 2051 3393 basilicam
2078 3344 2273 3392 suam
2300 3329 2615 3409 quattuor
2637 3328 2947 3394 tabernas

743 3451 930 3527 emit,
955 3467 1122 3531 quas
1146 3466 1182 3514 6
1209 3448 1403 3513 novis
1426 3448 1634 3513 1111666
1658 3448 1812 3515 inde
1833 3450 2249 3529 intelligitur,
2268 3448 2440 3531 quod
2464 3449 2533 3514 in
2559 3449 2946 3530 septentrio·

744 3573 878 3639 nali
916 3574 1106 3654 parte
1144 3570 1268 3636 1011
1303 3569 1436 3634 fuit
1474 3568 1745 3636 basilica
1782 3570 2077 3637 Porcia''.
2120 3571 2314 3636 Hanc
2352 3573 2584 3636 autem
2608 3570 2944 3637 basilicam

661 3767 670 3775 ‚
740 3692 916 3776 apud
943 3692 1292 3758 Carcerem
1315 3690 1519 3756 sitam
1545 3691 1773 3767 fuisse,
1801 3691 1880 3756 de
1902 3709 1983 3757 ea
2007 3708 2077 3758 re
2105 3692 2232 3757 viri
2255 3692 2434 3757 docti
2456 3691 2648 3757 hodie
2672 3708 2943 3759 consen·

742 3815 949 3881 tiunt.
980 3814 1120 3878 Hoc
1143 3829 1403 3893 quoque
1427 3815 1714 3896 constat,
1738 3815 2002 3894 praeter
2017 3815 2281 3879 veteres
2303 3816 2375 3878 et
2393 3829 2604 3878 novas
2630 3813 2945 3880 tabernas

743 3937 950 4002 etiam
996 3934 1164 4000 alias
1210 3934 1444 4010 fuisse,
1493 3951 1709 4015 neque
1752 3934 2111 4002 verisimile
2150 3937 2256 4001 est
2294 3932 2617 4001 Catonem
2656 3952 2692 4000 e
2732 3934 2946 4011 novis,

745 4076 915 4141 quas
975 4056 1278 4138 privatas
1340 4054 1458 4120 vix
1519 4073 1668 4122 esse
1732 4058 2032 4137 potuisse
2090 4074 2293 4139 supra
2355 4056 2729 4132 observavi,
2794 4073 2951 4122 non-

743 4182 963 4247 nullas
1022 4179 1288 4244 emisse.
1352 4177 1538 4257 Quod
1599 4181 1832 4245 autem
1882 4181 2186 4247 URLIOHS
2232 4178 2395 4245 dicit
2442 4178 2524 4243 de
2571 4177 2768 4243 Fnsn
2812 4177 2950 4243 loco

743 4320 784 4368 a
846 4302 1207 4369 Mnnmmzo
1267 4298 1437 4380 quod
1498 4299 1578 4364 ad
1630 4302 2046 4368 sententiam
2094 4302 2346 4367 attinet
2393 4300 2571 4365 recte
2618 4299 2943 4383 suppletO,

746 4441 830 4490 ne
875 4424 999 4489 hoc
1044 4423 1311 4505 quidem
1351 4426 1495 4486 tam
1535 4425 1795 4488 certum
1835 4424 1999 4489 mihi
2039 4424 2328 4489 videtur.
2378 4422 2663 4487 Omnino
2700 4420 2943 4501 nescio,
