3459 5300
1790 543 1879 608 84

829 721 1054 788 Etiam
1115 723 1308 788 Truc-
1371 723 1456 787 67
1505 741 1604 805 sq.
1651 727 1875 790 scorta
1918 724 2155 789 sedent
2197 725 2451 790 circum
2494 728 2937 804 argentarias,

735 843 810 906 et
843 843 962 923 qui
999 841 1310 924 stipulari
1345 844 1566 909 solent-
1601 843 1927 909 nimirum
1963 849 2129 909 sunt
2148 845 2533 924 argentarii.
2582 845 2731 911 Non
2754 848 2938 913 enim

735 963 905 1030 facio
972 981 1128 1030 cum
1199 965 1521 1032 Ussmem
1587 967 1987 1032 annotanti:
2060 983 2214 1050 „eos
2274 968 2629 1051 significat,
2692 970 2806 1050 qui
2863 970 2934 1036 in

735 1087 935 1153 rebus
980 1087 1452 1154 contrahendis
1496 1104 1628 1153 non
1676 1088 1849 1152 bona
1892 1086 2022 1152 fide
2066 1089 2367 1154 contenti
2413 1093 2599 1164 sunt,
2644 1090 2759 1155 sed
2801 1108 2935 1156 om-

735 1209 851 1274 nia
905 1209 1074 1275 iuris
1135 1210 1421 1276 vinculis
1479 1209 2017 1290 constringunt”.
2080 1210 2464 1276 Admodum
2524 1212 2782 1278 usitata
2826 1229 2935 1279 res

734 1335 883 1396 erat
941 1331 1264 1397 Romanis
1324 1331 1690 1415 stipulati0,
1754 1348 1971 1414 neque
2032 1332 2385 1414 quisquam
2438 1332 2576 1398 fere
2620 1338 2769 1399 erat
2812 1335 2934 1400 Ro-

734 1471 1000 1537 manus,
1048 1454 1212 1537 quin
1256 1454 1596 1520 interdum
1642 1454 2099 1536 stipularetur.
2149 1455 2403 1520 Tamen
2450 1455 2625 1520 hanc
2668 1456 2751 1521 ob
2789 1473 2934 1522 cau-

733 1594 882 1643 sam
924 1577 1055 1643 dici
1101 1595 1236 1644 non
1281 1579 1596 1660 poterant
1644 1577 1954 1659 stipulari
2000 1595 2035 1642 s
2053 1595 2090 1642 o
2105 1577 2127 1642 l
2142 1595 2182 1643 e
2196 1595 2300 1643 re.
2356 1577 2557 1642 Patet
2602 1577 2710 1644 hic
2755 1595 2933 1659 spec-

732 1698 868 1763 tari
911 1697 1415 1780 stipulationem
1459 1699 1910 1779 argentariam
1940 1698 2009 1782 ¹).
2062 1697 2238 1764 Nam
2285 1701 2523 1764 notum
2562 1703 2671 1764 est
2705 1715 2931 1780 argen-

733 1819 1061 1886 tariorum
1123 1824 1433 1887 veterum
1496 1838 1628 1887 non
1688 1838 1771 1886 ea
1824 1822 2099 1886 tantum
2144 1820 2353 1886 fuisse
2406 1820 2644 1895 officia,
2693 1821 2933 1902 quibus

731 1940 1028 2007 hodierni
1071 1941 1440 2022 fungantur
1487 1941 1870 2024 argentan‘i,
1918 1941 2033 2007 sed
2080 1942 2290 2007 etiam
2327 1941 2659 2007 auctionis
2681 1959 2931 2008 munus

730 2062 815 2127 ad
859 2061 1004 2129 illos
1047 2063 1473 2145 pertinuisse.
1524 2063 1965 2144 Quamobrem
2009 2078 2095 2127 ex
2140 2063 2353 2128 officio
2400 2061 2927 2144 stipulabantur3

731 2201 997 2250 summo
1042 2184 1249 2264 igitur
1293 2185 1436 2251 iure
1482 2184 1611 2250 dici
1647 2188 1959 2266 poterant
1995 2184 2304 2266 stipulari
2342 2183 2569 2250 solere.
2618 2183 2715 2250 Of.
2742 2183 2926 2249 Suet.

732 2306 874 2371 Vit.
921 2307 1035 2371 14:
1085 2307 1612 2391 „foeneratorum
1635 2310 1708 2372 et
1732 2305 2206 2386 stipulatorum
2230 2303 2925 2387 publicanorumque”.

731 2425 1044 2509 Suspicor
1083 2428 1618 2507 argentariorum
1654 2426 1738 2492 de
1776 2426 1986 2492 Novis
2026 2426 2324 2491 tabernis
2362 2426 2758 2506 primarium
2792 2427 2925 2493 offi-

729 2548 911 2614 cium
975 2548 1184 2615 fuisse
1253 2549 1652 2630 auctionem,
1727 2565 1956 2614 eorum
2027 2564 2205 2622 vero,
2274 2547 2389 2628 qui
2448 2547 2519 2612 in
2567 2547 2926 2614 Veteribus

729 2671 1066 2753 sedebant,
1118 2672 1620 2738 fenerationem.
1671 2670 1845 2736 Nam
1888 2670 2061 2753 quod
2102 2669 2261 2735 dicit
2292 2670 2557 2735 JORDAN
2573 2666 2624 2753 2)
2649 2670 2719 2736 in
2760 2674 2925 2737 trac-

729 2792 954 2859 tandis
999 2811 1103 2859 vs.
1152 2794 1283 2860 472
1331 2796 1403 2859 et
1450 2794 1616 2861 485:
1671 2810 1817 2879 „wo
1850 2809 1925 2858 es
1949 2792 2091 2857 sich
2116 2809 2237 2856 um
2259 2791 2365 2857 die
2389 2790 2925 2858 Charakteristik

726 2930 858 2980 von
906 2915 1136 2997 Typen
1183 2914 1514 2997 handelte,
1563 2914 1818 2981 konnte
1866 2914 1980 2979 der
2026 2886 2299 2979 Dichter
2336 2914 2525 2979 nicht
2548 2913 2922 2979 demselben

728 3036 978 3118 Typus,
1027 3037 1163 3102 und
1210 3054 1394 3101 zwar
1440 3054 1568 3102 nur
1614 3037 1834 3101 einem
1884 3038 2083 3100 unter
2130 3033 2366 3109 vielen,
2410 3033 2578 3099 zwei
2602 3035 2921 3101 verschie-

727 3156 891 3221 dene
971 3156 1410 3239 Schauplatze
1477 3158 1885 3233 anweisen'',
1955 3157 2163 3222 etiam
2232 3156 2363 3221 huc
2431 3156 2609 3221 trahi
2676 3159 2919 3238 potest.

726 3277 972 3343 Mirum
1031 3294 1186 3358 ergo
1247 3282 1354 3344 est
1416 3278 1455 3343 J
1459 3295 1784 3344 onnAmm
1814 3275 1865 3361 ³)
1927 3278 2046 3359 qui
2104 3276 2430 3360 stipulari
2473 3278 2678 3341 solent
2722 3276 2923 3343 inter-

711 3400 973 3495 pretari
1025 3399 1167 3487 „die
1213 3400 1580 3466 Wucherer
1625 3400 1823 3478 (denn
1871 3400 1993 3464 das
2041 3399 2308 3463 werden
2348 3398 2452 3462 die
2492 3397 2921 3479 stipulatores

723 3523 844 3588 des
891 3523 974 3588 V.
1030 3524 1108 3587 12
1159 3523 1333 3588 wohl
1380 3522 1619 3602 sein)”,
1671 3525 1836 3587 tunc
1883 3520 2079 3602 paulo
2125 3524 2277 3601 post
2324 3519 2568 3585 dicere:
2623 3518 2918 3603 „endlich

723 3643 1050 3709 abermals
1095 3642 1599 3723 Geldgeschafte
1646 3644 1846 3708 unter
1891 3641 2018 3707 den
2064 3643 2307 3707 veteres
2348 3639 2720 3706 tabernae''.
2768 3640 2922 3705 Poe-

725 3767 888 3841 tam,
960 3764 1094 3829 nisi
1160 3765 1531 3830 discernere
1594 3764 1939 3838 voluisset,
2003 3761 2160 3828 illud
2227 3761 2638 3848 „abermals”
2682 3760 2917 3827 addere

723 3888 1090 3967 oportebat.
1138 3887 1386 3953 Eodem
1434 3887 1626 3953 modo
1673 3889 1852 3951 errat
1876 3885 2246 3950 annmon
2267 3880 2339 3967 4),
2367 3883 2480 3965 qui
2517 3884 2683 3949 item
2719 3883 2919 3948 inter-

794 4129 852 4197 1)
889 4126 1014 4182 Vid.
1050 4126 1136 4182 lex
1172 4125 1367 4181 metalli
1403 4124 1747 4197 Vipascensis.
1782 4124 1999 4196 Ephcm.
2038 4122 2200 4195 epigr.
2238 4121 2327 4177 III
2363 4139 2415 4193 p.
2454 4122 2553 4176 167
2562 4164 2574 4177 .

793 4214 851 4282 2)
889 4212 924 4268 1.
961 4212 996 4267 Ι.
1032 4232 1084 4285 p.
1120 4214 1241 4269 125.

793 4300 850 4368 3)
886 4298 919 4353 l.
958 4300 991 4354 l.
1030 4317 1080 4370 p.
1123 4300 1242 4355 130.

791 4388 850 4454 4)
886 4384 922 4439 l.
956 4384 990 4439 l.
1027 4404 1079 4458 p.
1119 4387 1239 4441 ⁷10.
