3459 5300
1563 587 1606 650 9

455 770 845 853 flagitaret)
908 770 1073 846 ide0,
1139 770 1254 834 ubi
1315 769 1582 834 savium
1642 767 1959 849 oppegit‘?
2020 767 2250 847 Neque
2304 765 2427 830 hoc
2474 779 2687 845 neque

482 891 664 967 illud,
726 892 992 972 opinor,
1054 891 1508 957 Phaedromus
1569 889 1753 955 enim
1817 888 2132 955 Palinuro
2194 886 2342 953 vult
2390 888 2685 968 probare,

484 1030 688 1094 quam
734 1013 972 1092 pudica
1016 1011 1403 1078 Planesium
1446 1011 1569 1077 sit:
1619 1011 1768 1096 „ubi
1809 1011 2078 1076 savium
2116 1009 2402 1092 oppegit‚
2444 1007 2682 1087 fugit-,³2
2758 1073 2765 1076 .

485 1134 668 1214 Quod
732 1134 791 1198 si
853 1134 1100 1200 faceret
1165 1137 1353 1199 metu
1413 1133 1693 1213 lenoniS,
1744 1133 2064 1198 nimirum
2112 1148 2246 1197 non
2290 1132 2686 1210 argumento

485 1257 670 1320 esset
713 1255 1090 1335 pudicitiae.
2575 1231 2579 1235 ’

575 1374 645 1440 Si
690 1375 1002 1443 Lnormm
1047 1377 1407 1459 sequimur,
1460 1375 1592 1442 alia
1639 1376 1917 1442 exsistit
1963 1392 2200 1442 causa:
2249 1377 2398 1440 tum
2437 1373 2504 1437 id
2542 1372 2685 1437 fieri

483 1498 748 1573 dicitur,
789 1501 943 1580 quia
982 1500 1130 1565 leno
1169 1498 1659 1564 Phaedromum
1697 1499 2058 1564 excruciat.
2107 1497 2541 1562 Manifestum
2580 1497 2685 1559 est

455 1617 610 1684 'hoc
670 1619 877 1685 etiam
940 1621 1166 1685 minus
1227 1622 1464 1700 aptum
1524 1617 1674 1684 esse
1736 1636 1940 1700 quam
2001 1616 2159 1682 illud
2222 1617 2394 1698 quod
2448 1619 2686 1681 textus

486 1741 778 1806 traditus
822 1745 1088 1822 recepta
1135 1742 1380 1806 Bormr
1427 1740 1953 1820 transpositione
1999 1738 2331 1804 exhibeat.
2400 1737 2685 1803 Necesse

485 1860 650 1925 mihi
711 1861 976 1926 videtur
1025 1860 1277 1928 lacuna
1339 1863 1718 1938 statuatur;
1783 1859 2107 1925 excidisse
2166 1859 2458 1940 aliquam
2522 1861 2685 1939 puto

485 1983 895 2048 sententiam
959 2001 1091 2066 qua
1150 1985 1506 2050 Palinurus
1564 1984 1829 2065 rogavit
1888 1983 2154 2064 aliquid,
2212 1999 2339 2064 quo
2385 1985 2685 2064 spectare

484 2105 699 2185 possit
765 2122 1129 2186 pronomen
1198 2105 1312 2186 id,·
1381 2123 1535 2186 ergo
1602 2105 1726 2170 hoc
1797 2104 1931 2169 fere
2000 2105 2106 2168 hic
2166 2104 2458 2185 requiro:
2530 2119 2685 2189 „cur

485 2229 717 2291 autem
763 2225 935 2291 hanc
980 2243 1113 2292 non
1161 2228 1332 2292 emis
1379 2229 1450 2290 et
1498 2243 1615 2293 cur
1660 2226 1756 2291 sic
1801 2225 1973 2291 clam
2020 2224 2181 2289 ante
2228 2224 2444 2290 lucem
2493 2226 2562 2288 te
2600 2223 2683 2288 ad

483 2363 634 2411 eam
697 2347 978 2427 surripis
995 2347 1074 2411 ‘?”
1138 2348 1286 2416 Hoc,
1345 2351 1620 2427 rogatus
1680 2346 2033 2428 aptissime
2090 2345 2541 2411 Phaedromus
2589 2361 2682 2409 re-

485 2467 810 2548 spondere
869 2471 1126 2548 potest:
1181 2470 1286 2553 „id
1328 2487 1406 2535 eo
1452 2470 1532 2535 fit
1579 2487 1635 2535 e.
1686 2487 1748 2550 q.
1800 2468 1900 2537 s.”
1948 2468 2233 2534 Omnino
2286 2467 2390 2553 „id
2438 2484 2514 2532 eo
2558 2466 2683 2532 fit”

485 2567 759 2654 initium
841 2605 990 2655 esse
1067 2593 1232 2670 puto
1301 2590 1579 2657 alicuius
1648 2575 1983 2674 respons13
2055 2591 2135 2657 cf.
2208 2589 2457 2671 Amph.
2532 2589 2681 2656 756.

487 2710 970 2776 Phaedromum
1012 2710 1196 2775 enim
1229 2712 1341 2791 qui
1373 2712 1464 2776 nil
1489 2712 1665 2777 aliud
1691 2713 1823 2777 nisi
1851 2712 2237 2793 pudicitiam
2264 2709 2519 2792 puellae
2544 2727 2682 2791 pro-

483 2834 639 2899 bare
669 2824 923 2909 studet,
948 2832 1109 2899 talia
1133 2850 1287 2899 non
1314 2836 1604 2911 rogatu
1619 2853 1688 2899 m
1712 2851 1980 2900 narrare
2003 2833 2370 2901 absurdum
2394 2832 2679 2898 videtur.

572 2954 763 3043 Ergo,
830 2956 888 3021 si
948 2972 1186 3021 verum
1249 2958 1356 3020 est
1421 2955 1593 3036 quod
1653 2956 2016 3036 disputavi,
2079 2956 2531 3037 recipiendum
2576 2955 2680 3019 est

482 3074 719 3141 Lnoim
787 3076 1353 3158 supplementum,
1414 3078 1484 3141 et
1545 3077 1718 3158 quod
1778 3078 1845 3141 in
1909 3081 2109 3143 textu
2170 3077 2417 3143 tradito
2480 3078 2683 3143 verba

489 3198 584 3284 „is
646 3216 756 3263 me
816 3198 1202 3265 excruciat''
1249 3197 1558 3277 languide
1605 3216 1763 3263 cum
1808 3200 2359 3279 praecedentibus
2403 3199 2681 3277 iungun-

479 3322 611 3397 tur,
661 3322 732 3387 et
777 3322 948 3402 quod
995 3319 1558 3387 verisimillimum
1596 3324 1704 3385 est
1744 3320 2234 3387 Phaedromum
2270 3338 2464 3401 agere
2504 3321 2682 3386 sicut

477 3442 621 3522 agit
685 3447 953 3525 propter
1021 3444 1282 3509 lenonis
1350 3443 1829 3525 pervicaciam;
1902 3460 2053 3514 eam
2124 3461 2279 3510 vero
2349 3442 2525 3508 illius
2586 3445 2681 3509 rei

481 3566 715 3631 afferre
773 3584 1068 3642 causam,
1115 3566 1288 3647 quod
1332 3565 1482 3631 leno
1526 3568 1840 3645 aegrotus
1885 3566 2159 3632 incubat
2205 3568 2276 3631 in
2323 3567 2681 3647 Aesculapi

478 3687 654 3777 fano,
701 3687 1202 3769 ineptissimum
1251 3688 1534 3753 videtur.

569 3947 672 3995 vs.
741 3931 867 3994 192
931 3948 1027 4012 sq.
1093 3930 1544 3996 Phaedromus
1600 3929 1913 3995 Palinuro
1960 3929 2380 3996 maledicenti
2428 3929 2681 4011 puellae

478 4050 824 4117 irascitur:

1292 4174 1439 4237 Tun
1487 4188 1710 4237 meam
1762 4172 2093 4237 Venerem
2137 4173 2530 4255 vituperes?

479 4291 658 4373 Quod
694 4293 965 4373 quidem
996 4294 1160 4359 mihi
1191 4294 1522 4375 polluctus
1556 4295 1762 4373 virgis
1794 4310 2024 4359 servos
2048 4312 2427 4361 sermonem
2452 4297 2678 4361 serat?

569 4414 904 4480 Vocabulo
953 4415 1125 4497 quod
1169 4417 1302 4481 Lno
1346 4416 1648 4498 appingit
1687 4432 1969 4498 crucem,
2014 4420 2215 4498 atque
2255 4422 2468 4499 recte3
2513 4436 2673 4484 nam
