3459 5300
1605 597 1690 662 67

551 779 842 855 affuerit,
889 796 978 844 an
1025 778 1150 844 hoc
1193 779 1434 843 datum
1481 779 1575 844 sit
1615 779 1896 845 absente
1940 777 2244 862 Lycone;
2283 795 2443 844 narn
2482 778 2753 844 etiamsi

552 901 768 978 affuit,
814 899 1005 967 facile
1052 900 1214 980 fingi
1257 903 1484 982 potest
1528 899 1686 966 illud
1734 917 1892 967 eum
1936 901 2033 966 nil
2074 918 2365 978 curasse,
2408 904 2757 983 tamquam

551 1021 811 1089 lenonis
872 1020 1357 1104 iusiurandum,
1425 1021 1600 1102 quod
1661 1022 1911 1088 nullius
1970 1021 2065 1087 sit
2128 1021 2477 1105 momenti,
2540 1037 2756 1104 neque

555 1145 803 1210 mirum
851 1141 1033 1210 iuius
1080 1142 1141 1210 ei
1186 1146 1419 1209 nostro
1462 1144 1602 1210 loco
1650 1143 1721 1209 in
1772 1148 2071 1211 mentem
2117 1161 2251 1210 non
2302 1144 2554 1211 venire.

644 1265 825 1332 Leno
893 1265 1377 1348 quodammodo
1447 1282 1520 1332 se
1587 1269 1872 1332 excusat
1932 1265 2239 1333 dicendo:
2312 1266 2465 1353 „qui
2526 1268 2759 1332 monet

555 1389 747 1471 quasi
790 1387 1136 1453 adiuvat”.
1186 1387 1490 1454 Curculio
1533 1388 1797 1454 veritus
1842 1406 1929 1454 ne
1967 1389 2117 1455 leno
2158 1388 2503 1455 molestias
2543 1392 2759 1471 paret,

557 1513 790 1577 monet
835 1527 994 1576 eum
1039 1512 1122 1575 ut
1169 1512 1440 1576 caveat:
1496 1510 1700 1595 „leno,
1746 1527 1908 1578 cave
1948 1510 2019 1576 in
2060 1513 2131 1577 te
2167 1511 2261 1576 sit
2299 1527 2485 1576 mora
2524 1510 2756 1576 mihi”.

647 1632 826 1699 Sicui
890 1631 1139 1697 mirum
1200 1631 1469 1697 videtur
1520 1631 1831 1698 lenonem
1876 1632 1957 1698 de
2006 1631 2218 1698 milite
2263 1649 2399 1698 non
2446 1632 2756 1712 cogitare,

559 1772 797 1822 moneo
841 1754 988 1838 ipsa
1033 1754 1323 1838 Lyconis
1368 1756 1574 1822 verba
1621 1755 1747 1821 hoc
1784 1755 2043 1822 efficere
2080 1755 2335 1821 debere.
2383 1755 2569 1822 Haec
2605 1771 2761 1836 quo·

558 1894 688 1960 que
756 1877 1063 1944 consulto
1133 1876 1231 1942 sic
1299 1877 1611 1957 ambigue
1678 1878 1859 1943 dicta
1918 1893 2067 1943 esse
2128 1877 2567 1942 manifestum
2629 1878 2762 1942 est.

560 1999 743 2082 Quod
812 1998 946 2064 nisi
1013 1998 1112 2063 ita
1179 2002 1382 2074 esset,
1452 2001 1962 2080 exspectaretur
2029 1999 2350 2065 nimirum
2423 1999 2761 2082 Lyconem

557 2123 898 2188 dicturum
942 2137 1124 2186 esse:
1181 2119 1328 2205 „hic
1373 2123 1481 2186 est
1528 2121 1814 2188 nuntius
1860 2120 2117 2198 militie,
2157 2121 2349 2186 venit
2373 2124 2454 2186 ut
2475 2120 2764 2186 abducat

559 2242 1009 2310 Planesium’'.
1073 2241 1274 2307 Porro
1334 2241 1564 2322 quidni
1622 2242 1863 2308 lacuna
1922 2242 2033 2308 illa
2090 2241 2271 2308 aliud
2332 2242 2491 2324 quid
2558 2243 2760 2308 conti·

559 2365 802 2440 merit,
848 2364 1022 2446 quod
1070 2363 1129 2429 si
1177 2365 1417 2429 notum
1459 2363 1878 2442 haberemus,
1927 2382 2125 2432 nemo
2168 2365 2304 2431 iam
2351 2365 2491 2432 loco
2531 2366 2763 2430 nostro

559 2486 1022 2567 offenderetur,
1085 2501 1143 2550 e.
1192 2501 1254 2565 g.
1317 2502 1558 2551 versus
1619 2485 1875 2568 aliquot
1919 2485 2163 2567 quibus
2207 2487 2355 2552 leno
2402 2502 2633 2552 secum
2681 2484 2764 2551 lo·

559 2626 774 2692 quens
843 2609 924 2675 de
992 2607 1302 2674 Planesio
1369 2608 1549 2674 dicat
1616 2607 1841 2691 plures
1910 2624 2078 2693 esse,
2146 2589 2265 2691 'qui
2326 2625 2477 2675 eam
2538 2625 2762 2675 emere

559 2733 856 2814 cupiant,
929 2734 1081 2797 tum
1163 2730 1562 2813 trapezitam
1638 2732 2283 2814 appropinquantem
2345 2731 2761 2813 conspiciens

561 2874 715 2922 cum
762 2856 986 2935 ignoto
1031 2854 1399 2919 exclamet:
1454 2854 1685 2939 „video
1732 2855 2130 2937 trapezitam
2157 2862 2313 2921 cum
2337 2855 2585 2935 ignoto,
2614 2855 2762 2921 sine

557 2978 756 3045 dubio
800 2978 1014 3043 denuo
1059 2976 1329 3042 adducit
1372 2974 1677 3059 aliquem,
1714 2976 1828 3057 qui
1866 2976 2017 3043 vult
2038 2993 2260 3043 emere
2283 2975 2711 3043 Planesium”
2729 2977 2764 3041 *Ρ

651 3098 806 3164 Loci
868 3098 973 3164 vis
1015 3098 1269 3164 comica
1314 3097 1478 3163 haec
1523 3100 1649 3172 est,
1697 3098 1871 3178 quod
1918 3098 2068 3163 leno
2114 3097 2585 3164 iusiurandum
2632 3115 2761 3164 ser·

561 3225 698 3303 vat,
761 3223 1012 3302 putans
1072 3237 1144 3286 se
1205 3220 1406 3286 fidem
1469 3223 1755 3285 mutare.
1828 3219 2024 3285 Domi
2085 3223 2317 3286 autem
2380 3221 2622 3288 certior
2681 3220 2762 3285 fit

561 3343 899 3411 hominem
946 3342 1265 3407 nuntium
1311 3357 1460 3407 esse
1509 3340 1763 3407 militis.
1824 3341 1977 3407 Ideo
2022 3346 2257 3423 postea
2305 3359 2408 3407 vs.
2458 3341 2588 3407 566
2635 3341 2761 3420 glo·

560 3465 716 3531 riari
777 3466 1003 3545 potest
1063 3480 1137 3529 se
1181 3463 1381 3528 fidem
1429 3480 1755 3538 servasse,
1804 3480 1974 3545 quae
2020 3464 2223 3529 verba
2270 3480 2504 3529 revera
2550 3463 2763 3528 risum

562 3603 832 3653 movere
880 3586 1182 3666 possunt,
1232 3584 1290 3650 si
1334 3584 1651 3663 fingimus
1696 3584 2003 3651 lenonem
2051 3602 2131 3651 ea
2168 3584 2603 3667 pronuntiare
2641 3582 2761 3648 tali

562 3708 780 3791 vultU‚
843 3705 1038 3788 quasi
1098 3723 1470 3788 numquam
1525 3707 1987 3788 periuraverit‚
2036 3725 2190 3773 cum
2238 3707 2361 3773 hoc
2405 3710 2586 3773 certe
2631 3705 2764 3771 ius-

558 3828 917 3895 iurandum
964 3827 1341 3894 servaverit
1387 3828 1673 3910 quidem,
1713 3829 1829 3894 sed
1876 3828 2265 3912 imprudens
2312 3830 2714 3910 insciusque.

652 3950 834 4031 Quod
895 3948 1117 4015 Gonrz
1149 3946 1196 4033 ¹)
1243 3950 1324 4015 de
1368 3949 1794 4015 iureiurando
1843 3950 2250 4017 Phaedromo
2298 3952 2456 4017 dato
2502 3951 2609 4017 hic
2657 3950 2765 4031 agi

560 4072 788 4150 credit,
857 4071 994 4136 iam
1062 4071 1303 4136 refellit
1371 4072 1671 4138 Rmssncx
1697 4069 1771 4155 ²),
1822 4072 2217 4138 Phaedromi
2278 4074 2765 4154 querimoniam

631 4268 689 4336 1)
728 4263 1134 4337 Dittographien
1172 4262 1242 4319 im
1281 4262 1666 4333 Plautustexte,
1705 4264 1843 4319 Acta
1860 4262 2135 4319 Societatis
2156 4262 2461 4337 Philologae
2481 4262 2769 4335 Lipsiensis

565 4352 768 4512 VIfflpi.
792 4352 927 4511 {81}-
967 4439 1055 4509 81,
1089 4457 1208 4495 ann.
1248 4440 1298 4493 2.
