3459 5300
1569 577 1655 642 97

522 757 771 822 aetatis
832 755 1181 822 Plautinae
1242 773 1571 838 opponere
1633 756 1774 822 1010
1822 756 2102 836 piscario
2151 755 2258 821 sui
2304 756 2518 837 ipsius
2566 761 2728 825 tem·

524 877 735 958 poris:
796 878 1072 959 opponit
1133 877 1490 958 antiquum
1555 876 1911 942 macellum
1969 876 2077 943 vel
2124 876 2343 943 forum
2391 877 2727 944 olitorium

525 997 814 1081 (spectat
851 1003 1123 1080 tempus
1161 1002 1322 1065 ante
1362 999 1706 1084 Plautum)
1750 1000 2022 1065 macello
2047 999 2435 1081 posterioris
2458 1002 2724 1084 aetatiS,

406 1187 413 1194 ,
522 1121 565 1185 1.
612 1138 669 1186 9.
737 1124 882 1186 tam
928 1121 1153 1187 Plauti
1200 1139 1403 1202 quam
1450 1121 1693 1202 ipsius:
1742 1122 2112 1187 secundum
2164 1121 2448 1187 Tiberim
2513 1128 2726 1189 trans-

523 1259 696 1324 pono
742 1247 903 1308 ante
950 1243 1053 1309 Ea
1100 1243 1237 1309 loca
1281 1247 1352 1309 et
1399 1261 1515 1325 pro
1561 1245 1651 1309 ad
1696 1245 1986 1310 Iunium
2033 1243 2176 1326 lego
2224 1249 2300 1309 ut
2342 1249 2439 1311 ait
2473 1245 2726 1312 Iunius

525 1363 787 1447 (Iunius
848 1367 1025 1447 apud
1089 1365 1460 1432 Varronem
1519 1367 1786 1448 saepius
1832 1367 2162 1448 laudatur,
2213 1367 2343 1432 vid.
2392 1368 2466 1433 L.
2516 1367 2588 1432 L.
2641 1369 2723 1444 V,

528 1486 648 1567 423
701 1487 821 1568 483
875 1487 995 1568 553
1047 1486 1163 1563 VI,
1214 1488 1349 1569 33),
1396 1490 1475 1553 ut
1521 1490 1613 1554 sic
1660 1489 1958 1568 legatur:
2016 1488 2345 1574 „hocerat
2369 1490 2726 1570 antiquum

527 1608 901 1689 macellum,
948 1609 1062 1674 ubi
1109 1609 1361 1675 olerum
1410 1610 1614 1690 copia,
1666 1610 2036 1675 secundum
2085 1611 2395 1676 Tiberim.
2445 1611 2540 1676 Ea
2584 1611 2726 1678 loca

527 1728 735 1794 etiam
796 1745 974 1794 nunc
1031 1728 1535 1796 Lacedaemonii
1597 1735 1845 1797 vocant
1906 1731 2288 1814 macellum;
2355 1731 2470 1798 sed
2531 1733 2726 1798 Iones

528 1850 705 1916 ostia
766 1850 1111 1915 hortorum
1176 1852 1561 1918 macellotas
1619 1853 1988 1936 hortorum,
2054 1858 2125 1920 et
2173 1855 2336 1936 (scil.
2387 1856 2581 1939 ostia)
2627 1871 2726 1919 ca·

529 1971 704 2037 stelli
765 1971 1060 2047 macella,
1126 1975 1206 2037 ut
1265 1973 1362 2038 ait
1410 1973 1665 2038 Iunius.
1720 1974 2138 2049 <Macellum
2182 1976 2458 2049 etiam>
2511 1975 2730 2041 forum

530 2085 890 2175 piscarium
960 2098 1239 2175 vocant3
1309 2095 1453 2160 ideo
1522 2113 1580 2161 9.
1628 2113 1690 2176 q.
1743 2096 1844 2161 s.”
1915 2097 2027 2160 An
2091 2096 2377 2162 fortasse
2438 2095 2614 2160 inter
2659 2112 2730 2160 se

529 2216 1029 2297 transponenda
1090 2219 1256 2281 sunt
1313 2216 1451 2281 ideo
1496 2217 1592 2282 ait
1636 2217 1964 2283 Plautus:
2010 2217 2197 2301 apud
2233 2219 2610 2301 piscarium
2657 2220 2728 2282 et

528 2340 644 2405 ubi
691 2341 915 2406 variae
959 2356 1091 2413 res,
1140 2342 1222 2404 ut
1266 2339 1424 2404 talis
1470 2340 1743 2405 eveniat
1787 2339 2020 2405 lectio:
2068 2340 2326 2425 „forum
2365 2339 2726 2420 piscarium

529 2464 776 2530 ¹vocant
812 2462 925 2527 ubi
964 2461 1189 2526 variae
1226 2477 1363 2542 res;
1404 2461 1547 2527 ideo
1584 2461 1682 2526 ait
1718 2460 2033 2526 Plautus:
2075 2462 2252 2541 apud
2276 2460 2729 2543 piscarium”?

621 2584 945 2649 Videmus
992 2583 1221 2649 omnia
1257 2583 1613 2649 Uanroflsrr
1651 2586 2050 2663 argumenta
2073 2583 2216 2651 veri
2238 2600 2460 2649 carere
2485 2584 2723 2666 specie,

527 2710 605 2771 ut
670 2705 1107 2771 statuendum
1172 2705 1266 2770 sit
1325 2704 1677 2770 macellum
1737 2705 1846 2771 vel
1904 2706 2124 2771 forum
2169 2705 2530 2786 piscarium
2580 2709 2725 2771 tam

526 2827 748 2894 Plauti
806 2844 1012 2909 quam
1057 2828 1416 2908 posteriore
1462 2832 1761 2909 tempore
1806 2827 1878 2892 in
1924 2830 2114 2908 parte
2160 2826 2282 2891 fori
2329 2827 2728 2908 septentrio-

527 2949 663 3015 nali
706 2948 1075 3015 exstitisse.

617 3071 801 3152 Quod
860 3074 1092 3137 autem
1150 3073 1421 3151 tempus
1482 3071 1792 3150 spectant
1857 3068 2181 3135 Varronis
2228 3070 2468 3135 verba:
2523 3070 2727 3146 „haec

524 3193 754 3257 omnia
819 3194 1258 3273 posteaquam
1317 3193 1661 3256 contracta
1720 3190 1793 3254 in
1854 3207 2069 3255 unum
2129 3190 2351 3255 locum
2412 3207 2581 3271 quae
2644 3190 2727 3255 ad

526 3313 787 3378 victum
832 3314 1280 3395 pertinebant,
1327 3315 1399 3378 et
1444 3312 1834 3378 aedificatus
1878 3313 2095 3378 locus:
2144 3311 2551 3393 appellatum
2594 3328 2730 3376 ma·

526 3434 860 3501 cellum'’‘?
905 3436 1355 3501 Consentiunt
1402 3434 1727 3511 URmoHS,
1773 3436 2055 3518 JORDAN‚
2102 3435 2418 3512 GILBEBT,
2461 3450 2727 3499 censen·

526 3559 632 3623 tes
685 3556 749 3622 id
799 3556 1056 3623 factum
1100 3574 1251 3623 esse
1292 3574 1353 3622 a.
1404 3556 1535 3623 575
1582 3558 1972 3622 censoribus
2020 3555 2305 3622 Aemilio
2351 3561 2421 3621 et
2466 3554 2724 3639 Fulvio.

529 3678 831 3744 Ussnrorrs
875 3681 1075 3760 putat
1118 3678 1228 3745 illo
1274 3696 1449 3744 anno
1495 3678 1949 3745 venditionem
1997 3694 2230 3743 earum
2271 3696 2512 3759 rerum,
2555 3693 2724 3758 quae

522 3799 604 3864 ad
663 3800 923 3864 victum
986 3798 1435 3879 pertinebant,
1496 3798 1567 3863 in
1628 3797 2226 3879 septentrionalem
2288 3798 2413 3863 fori
2460 3800 2724 3878 partem

520 3918 923 3985 translatam
990 3936 1160 3995 esse,
1222 3920 1262 3985 J
1264 3936 1488 3985 011οΑ11
1547 3922 1617 3984 et
1680 3918 1980 3984 omnm·
2050 3918 2403 3985 macellum
2450 3918 2539 3981 ibi
2585 3916 2724 3983 iam

520 4044 804 4107 exstans
867 4043 1019 4105 tum
1080 4014 1253 4105 esse·
1291 4040 1707 4121 ampliatum.
1774 4040 2162 4117 VideamuS,
2225 4039 2385 4121 quid
2441 4046 2520 4103 ut
2565 4037 2725 4103 illud

521 4164 877 4227 censerent
923 4178 1036 4226 eos
1076 4161 1540 4236 commoverit.
1599 4161 1746 4227 Liv.
1795 4162 1904 4237 40,
1953 4162 2032 4227 51
2088 4160 2174 4225 M.
2225 4158 2503 4225 Fulvius
2551 4158 2730 4224 inter

522 4283 653 4349 alia
713 4282 964 4348 locasse
1024 4285 1341 4347 narratur
1406 4283 1786 4366 „basilicam
1835 4285 1990 4362 post
2035 4281 2449 4363 argentarias
2503 4279 2730 4345 Novas

522 4408 594 4469 et
640 4403 860 4468 forum
905 4403 1361 4483 piscatorium,
1413 4403 1840 4468 circumdatis
1890 4403 2207 4484 tabernis,
2236 4418 2404 4483 quas
2429 4398 2734 4479 vendidit

2455 4515 2483 4568 7
