3459 5300
1833 556 1871 620 2

668 740 672 744 '
751 735 1070 799 nonnulla
1114 735 1387 815 periisse
1432 737 1606 800 infra
1650 736 1881 801 docere
1926 736 2225 816 conabor,
2274 751 2409 800 non
2456 737 2685 799 tamen
2733 736 2831 800 ita
2866 740 2949 799 ut

751 855 1016 920 credam
1081 855 1376 921 fabulam
1446 857 1752 922 consulto
1819 857 2238 921 decurtatam
2306 872 2473 920 esse.
2536 855 2711 920 Nam
2774 856 2946 937 quod

751 975 911 1040 dicit
977 978 1277 1043 RIBBEOK
1324 973 1400 1052 ¹):
1482 977 1670 1062 „Mag
1733 977 1846 1042 der
1916 976 2066 1042 eine
2134 977 2267 1041 und
2334 975 2448 1040 der
2507 977 2713 1040 andre
2775 976 2949 1040 Vers

751 1098 958 1164 durch
1027 1099 1270 1166 Schuld
1340 1101 1522 1165 eines
1585 1099 2063 1165 Abschreibers
2124 1097 2575 1178 weggelassen
2638 1098 2779 1162 sein
2846 1095 2949 1160 die

749 1219 1143 1298 eigentliche
1187 1220 1791 1300 Verstummelung
1836 1221 2222 1286 verdanken
2272 1220 2398 1284 wir
2437 1219 2553 1284 der
2593 1218 2946 1283 Grausam-

751 1340 893 1406 keit
938 1341 1164 1421 irgend
1212 1342 1396 1406 eines
1443 1342 1861 1420 RegisseurS‚
1910 1343 2024 1407 der
2069 1359 2193 1407 aus
2238 1342 2391 1406 dem
2438 1339 2654 1406 vollen
2703 1339 2949 1403 Drama

748 1462 858 1527 ein
907 1463 1150 1528 kurzes
1197 1463 1548 1545 Nachspiel
1586 1465 2143 1540 zurechtstutzte,
2184 1464 2311 1528 wie
2349 1480 2421 1527 91·
2460 1479 2533 1527 99
2570 1463 2676 1526 fiir
2716 1459 2947 1524 99111911

749 1585 994 1649 Zweck
1061 1585 1260 1664 grade
1329 1586 1676 1650 bedurfte'’
1741 1587 1877 1652 iam
1938 1588 2110 1651 hanc
2172 1586 2254 1650 ob
2314 1601 2459 1650 rem
2520 1563 2653 1649 non
2725 1583 2947 1664 probo,

748 1707 922 1787 quod
971 1689 1262 1774 'minime
1323 1711 1593 1773 constat
1653 1726 1953 1789 unquam
2014 1707 2191 1789 apud
2246 1707 2584 1771 Romanos
2630 1706 2808 1769 hunc
2855 1705 2945 1768 vi-

748 1827 970 1906 guisse
1037 1844 1287 1893 morem
1348 1832 1429 1892 ut
1489 1833 1642 1911 post
1703 1830 2033 1909 longiores
2096 1827 2355 1894 fabulas
2408 1843 2655 1907 parvae
2700 1825 2949 1891 addita-

748 1949 963 2013 menti
1008 1949 1147 2014 1999
1193 1950 1592 2030 spectandae
1638 1952 2132 2018 exhiberentur.
2181 1951 2350 2030 Quid
2390 1949 2560 2030 quod
2602 1949 2758 2013 huic
2798 1965 2946 2013 con-

747 2067 892 2133 silio
958 2070 1444 2150 antiquioribus
1512 2073 1928 2154 temporibus
1996 2071 2344 2137 Atellanas
2403 2069 2738 2134 adhibitas
2801 2084 2947 2133 esse

746 2191 1080 2271 novimuS‚
1131 2193 1201 2256 in
1248 2210 1531 2273 quarum
1577 2195 1798 2259 locum
1844 2194 2175 2259 Ciceronis
2213 2196 2438 2258 aetate
2479 2193 2947 2256 successerunt

747 2311 940 2376 mimi
981 2309 1080 2392 ’ΥΒ
1126 2313 1253 2378 Sed
1301 2315 1500 2379 mitto
1546 2316 1668 2381 hoc
1714 2319 2211 2396 argumentum,
2263 2313 2535 2378 maioris
2582 2312 2763 2377 enim
2812 2329 2946 2378 mo·

746 2433 962 2498 menti
1032 2435 1198 2499 1111111
1267 2435 1558 2512 videtur,
1627 2437 1799 2518 quod
1859 2415 1945 2502 ex
2010 2417 2157 2517 ipsa
2219 2435 2442 2500 fabula
2503 2434 2946 2499 demonstrari

746 2558 971 2635 potest
1028 2593 1091 2603 —
1153 2555 1250 2622 sic
1313 2562 1492 2623 certe
1554 2576 1673 2638 ego
1738 2575 1973 2624 censeo
2031 2595 2099 2604 —
2155 2575 2267 2622 eos
2327 2557 2520 2638 19999,
2587 2555 2701 2636 qui
2762 2555 2945 2621 viros

745 2677 970 2742 doctos
1029 2678 1457 2763 impulerunt,
1510 2683 1588 2745 ut
1636 2680 1982 2746 crederent
2028 2680 2322 2745 fabulam
2346 2676 2674 2743 -consulto
2722 2677 2944 2743 decur-

744 2800 964 2864 tatam
1023 2818 1192 2877 esse,
1256 2805 1377 2867 aut
1439 2801 1610 2867 maJe
1671 2819 1821 2867 esse
1884 2803 2255 2867 intellectos
2315 2805 2437 2865 aut
2493 2799 2737 2864 infelici
2785 2816 2943 2864 casu

744 2937 982 3000 parum
1029 2921 1323 3001 integros
1370 2925 1454 2987 ad
1500 2941 1623 2989 nos
1671 2908 2076 3005 pervenisse.
2125 2923 2340 3003 Quam
2379 2939 2498 3002 ego
2532 2922 2940 2985 sententiam

744 3042 904 3106 dum
949 3045 1225 3124 probare
1272 3046 1572 3125 conabor,
1623 3047 1825 3111 simul
1870 3046 1998 3110 alia
2046 3044 2367 3110 nonnulla
2412 3044 2732 3123 tractam,
2775 3057 2943 3122 quae

743 3164 850 3229 vel
918 3163 1157 3229 vitium
1218 3167 1633 3233 contraxisse
1691 3167 1795 3232 vel
1843 3168 2142 3232 nondum
2188 3167 2358 3232 satis
2404 3165 2749 3245 explorata
2796 3179 2945 3229 esse

742 3285 1046 3351 arbitror.

815 3512 872 3579 1)
907 3508 1152 3580 Β9111ἓ39
1204 3528 1296 3563 zur
1342 3509 1518 3564 Kritik
1560 3510 1652 3564 des
1702 3480 2045 3565 Plautischen-
2086 3508 2349 3563 Curculio,
2402 3508 2643 3563 Berichte
2694 3508 2819 3562 iiber
2857 3506 2943 3561 die

741 3594 1189 3667 Verhandlungen
1224 3595 1318 3650 der
1352 3596 1616 3668 koniglich
1639 3595 1980 3651 Sachsischen
1999 3594 2341 3649 Gesellschaft
2373 3595 2467 3649 der
2494 3592 2940 3649 wissenschaften

740 3683 1170 3839 zugaeffiffffgtuu-
1211 3684 1863 3835 ἱξοκεκ-ΜΑΒασΑΒΜ,
1911 3768 2212 3823 Handbuch
2256 3768 2351 3823 der
2398 3734 2717 3823 Romischen
2768 3765 2941 3821 Alter-

740 3857 966 3925 thiimer,
1005 3855 1084 3909 IV
1125 3875 1174 3927 p.
1217 3858 1319 3910 546
1355 3875 1431 3928 sq.
