3459 5300
1604 581 1729 646 109

558 763 932 830 necessaria
990 765 1117 844 est,
1179 779 1394 844 neque
1455 762 1814 843 quicquam
1877 764 2004 837 est,
2059 761 2492 843 quamobrem
2538 761 2760 828 locum

560 884 865 966 spurium
913 887 1253 965 putemus.
1302 884 1604 964 Apparet
1640 883 1910 963 quidem
1946 881 2264 948 Plautum
2300 882 2586 948 formam
2623 899 2755 948 non

559 1008 974 1072 contractam
1034 1005 1430 1087 praetulisse
1492 1007 1908 1085 contractae;
1971 1020 2209 1068 verum
2268 1003 2426 1070 hinc
2485 1021 2616 1069 non
2665 1021 2761 1069 se·

560 1126 811 1207 quitur,
876 1125 1048 1192 hanc
1116 1125 1387 1192 omnino
1456 1126 1541 1190 ab
1602 1141 1681 1192 eo
1743 1141 1893 1190 esse
1953 1125 2267 1190 vitatam.
2332 1123 2761 1191 Contrarium

563 1246 742 1313 valet
788 1247 869 1312 de
916 1247 1246 1329 Terentio,
1287 1247 1402 1328 qui
1438 1245 1644 1312 semel
1688 1248 1960 1312 tantum
1998 1245 2269 1312 adhibet
2307 1245 2591 1311 formam
2627 1262 2759 1311 non

563 1370 1019 1433 contractam:
1084 1368 1351 1433 Phorm.
1416 1369 1579 1434 276:
1652 1367 1804 1454 „qui
1865 1383 2063 1448 saepe
2125 1369 2392 1447 propter
2437 1365 2764 1454 invidiam

564 1488 877 1554 adimunt
936 1489 1201 1554 diviti.”
1266 1488 1394 1554 Sed
1456 1505 1673 1571 neque
1732 1489 1879 1555 ideo
1925 1489 2104 1554 hunc
2145 1488 2322 1570 apud
2370 1486 2763 1553 Terentium

562 1627 835 1678 versum
881 1612 1306 1693 damnamus,
1346 1627 1561 1692 neque
1599 1611 1812 1676 forma
1849 1614 2194 1676 contracta
2232 1610 2407 1691 apud
2447 1610 2763 1677 Plautum

562 1735 877 1812 suspecta
937 1748 1086 1798 esse
1146 1732 1364 1808 debet,
1428 1749 1584 1798 cum
1633 1732 2049 1814 praesertim,
2097 1732 2164 1797 id
2208 1732 2382 1813 quod
2429 1732 2573 1814 ipse
2619 1748 2766 1798 con-

563 1852 741 1918 cedit
774 1850 1080 1930 LANGEN,
1119 1854 1183 1921 ei
1221 1855 1363 1920 sint
1401 1855 1725 1936 praesidio
1764 1856 2016 1921 formae
2053 1857 2434 1920 contractae
2464 1856 2762 1921 eiusdem

564 1974 845 2052 generis.
892 1976 1121 2056 Atque
1166 1974 1483 2040 Plautum
1526 1974 1709 2041 illam
1749 1979 1981 2041 notam
2018 1975 2328 2042 habuisse
2367 1979 2762 2056 argumento

564 2111 711 2160 esse
747 2099 992 2179 potest,
1033 2097 1206 2178 quod
1239 2100 1311 2164 et
1349 2097 1647 2163 Naevius
1684 2114 1832 2164 eam
1876 2096 2247 2180 usurpavit,
2290 2096 2423 2162 vid.
2448 2096 2761 2164 Priscian.

560 2215 719 2298 (rec.
784 2219 954 2286 ΚΕΗ,
1000 2237 1063 2301 p.
1114 2218 1305 2299 235):
1361 2219 1711 2306 „Magnam
1758 2218 2034 2284 domum
2077 2217 2510 2300 decoremque
2556 2218 2765 2285 ditem

565 2341 893 2412 vexarant
932 2334 1044 2419 ¹)”.

561 2523 565 2530 .
656 2459 841 2540 Quod
899 2461 983 2528 ad
1014 2461 1352 2543 ‘quintam
1420 2461 1800 2528 molestiam
1867 2462 2140 2543 attinet,
2211 2478 2368 2527 cum
2435 2461 2761 2526 LANenNo

564 2580 765 2647 facio:
829 2600 929 2648 vs.
993 2583 1124 2647 832
1188 2585 1366 2651 recte
1428 2601 1503 2649 se
1548 2584 1790 2651 habere
1835 2600 1969 2648 non
2019 2585 2274 2666 potest;
2327 2599 2569 2648 verum
2611 2581 2764 2648 inde

566 2721 700 2771 non
747 2704 960 2772 efficio
1003 2706 1223 2771 locum
1267 2706 1571 2788 spurium
1618 2724 1805 2781 esse;
1855 2723 2013 2771 nam
2060 2722 2336 2772 versum
2383 2706 2764 2772 coniectura

568 2828 793 2893 sanari
839 2831 909 2893 et
947 2845 1140 2908 posse
1178 2830 1249 2894 et
1286 2828 1519 2893 debere
1557 2843 1816 2893 censeo.
1859 2828 2037 2893 BRIX
2072 2829 2388 2893 annotat:
2436 2827 2764 2911 „infidum

566 2964 710 3031 6886ἱ
746 2951 993 3014 iterant
1037 2949 1223 3014 steht
1270 2966 1353 3013 zu
1399 2949 1582 3027 fidus
1625 2948 1827 3030 suisti
1868 2950 1939 3014 in
1977 2948 2443 3014 koncessivem
2461 2948 2764 3015 Verhalt·

568 3070 697 3147 nis,
748 3086 802 3134 s.
851 3070 1002 3135 292.
1041 3072 1290 3135 iterant
1314 3098 1394 3123 =
1420 3071 1667 3135 iterum
1705 3071 2079 3151 iterumque
2115 3069 2346 3135 dicunt
2382 3069 2476 3135 ist
2513 3069 2763 3136 selten:

567 3191 812 3259 Pacuv.
860 3191 940 3257 fr.
992 3191 1123 3259 370
1170 3191 1360 3255 Ribb.
1412 3184 1685 3255 Caecam
1724 3191 2115 3269 (fortunam)
2153 3190 2228 3255 ob
2262 3208 2409 3255 eam
2447 3208 2590 3255 rem
2631 3209 2767 3256 6886

564 3315 829 3395 iterant,
879 3314 1042 3394 quia
1088 3313 1188 3377 nil
1234 3314 1483 3394 cernat,
1526 3329 1651 3393 quo
1689 3330 1827 3376 8686
1865 3311 2209 3395 adplicet.”
2258 3311 2358 3377 At
2395 3315 2769 3393 possuntne

564 3435 735 3501 duae
773 3434 1173 3510 sententiae,
1218 3433 1398 3498 inter
1442 3449 1610 3514 quas
1654 3432 1823 3498 ratio
1869 3431 2226 3498 intercedit
2277 3432 2764 3517 „concessiva”,

570 3556 665 3622 sic
712 3553 1044 3625 ὥσυνδέτως
1095 3554 1451 3635 componi?
1506 3552 1627 3618 Vs.
1678 3553 1807 3618 292
1855 3555 1927 3619 et
1973 3551 2107 3617 645
2154 3570 2276 3634 sq„
2322 3570 2490 3635 quos
2535 3554 2766 3621 laudat

569 3678 748 3743 Bfflx
792 3677 987 3743 aliter
1032 3693 1105 3741 se
1152 3675 1421 3741 habent.
1470 3673 1645 3739 Sunt
1691 3674 2066 3755 enuntiata,
2116 3692 2284 3754 quae
2323 3673 2622 3752 ἀσυνδέτῳ
2661 3675 2768 3740 ad·

572 3798 909 3863 versativo
969 3797 1456 3863 coordinantur.
1519 3793 1629 3858 Sic
1689 3798 1758 3859 et
1820 3810 1923 3859 vs.
1986 3794 2116 3861 832
2178 3792 2462 3874 intelligi
2519 3798 2764 3878 posset,

562 3919 704 3987 'nisi
763 3921 1155 3999 sequeretur
1221 3933 1419 4003 „nam
1484 3916 1734 3995 absque
1797 3915 1968 3979 foret
2028 3917 2102 3981 te
2156 3932 2214 3980 e.
2261 3933 2324 3997 q.
2373 3913 2474 3981 s.”
2537 3915 2766 3998 Neque

570 4042 799 4120 potest
881 4039 1172 4119 infidum
1240 4055 1377 4107 6886
1443 4038 1691 4103 iterant
1760 4036 1830 4100 in
1895 4037 2278 4117 parenthesi
2345 4036 2533 4118 poni;
2606 4053 2765 4101 nam

568 4160 811 4225 acriter
857 4159 1215 4242 opponitur
1260 4158 1341 4235 τῷ
1387 4157 1570 4236 fidus
1618 4155 1834 4235 fuisti.
1882 4154 2018 4220 Lno
2063 4156 2582 4237 interpretatur:
2637 4173 2767 4241 „re-

642 4414 699 4479 1)
735 4414 931 4472 Hnnrz
964 4416 1223 4467 vexerant.
