3459 5300
1768 561 1852 624 22

714 761 877 810 zum
937 745 1022 809 ad
1079 743 1273 810 Most.
1341 743 1487 810 150.
1551 745 1900 811 Adversus
1958 761 2159 826 quam
2223 743 2735 823 explicationem
2786 760 2907 808 suo

712 865 857 931 iure
901 865 1054 931 clar.
1103 865 1372 932 Spmm
1417 867 1486 931 in
1535 866 1871 934 Glossario
1917 866 2000 932 ad
2037 861 2356 948 Captivos
2394 867 2708 932 observat
2746 872 2908 936 ante

713 989 1008 1055 vocalem
1068 1006 1186 1070 pro
1226 990 1339 1080 *die
1385 1007 1516 1055 non
1565 994 1745 1056 stare
1791 1007 1987 1070 posse
2034 989 2122 1054 di.
2172 989 2398 1055 Addo:
2450 989 2506 1054 si
2553 1005 2789 1054 revera
2832 991 2903 1055 in

713 1112 1027 1178 vocabulo
1085 1115 1315 1178 nostro
1376 1114 1658 1178 verbum
1725 1113 2026 1193 eriyendi
2091 1113 2366 1187 inesset,
2415 1129 2638 1178 nonne
2683 1113 2905 1178 admo-

712 1234 871 1298 dum
916 1238 1096 1301 esset
1144 1235 1389 1300 mirum
1428 1251 1765 1316 nusquam
1800 1234 2199 1300 locutionem
2238 1235 2490 1314 eripere
2526 1235 2601 1298 in
2640 1251 2900 1299 crucem

711 1355 1050 1421 inveniri?
1111 1356 1372 1422 Dicitur
1455 1360 1528 1422 in
1589 1374 1850 1422 crucem
1918 1355 2151 1437 tollere,
2216 1358 2402 1421 cruci
2458 1353 2735 1437 affiyere
2798 1355 2907 1420 vel

710 1477 1046 1560 suffiyere,
1118 1495 1310 1543 cruce
1378 1478 1666 1560 afficere,
1742 1493 2111 1562 numquam
2181 1479 2256 1542 in
2318 1493 2578 1542 crucem
2630 1477 2902 1557 eriyere.

713 1596 966 1663 Tamen
1026 1598 1197 1680 quod
1249 1597 1602 1666 smannens
1649 1599 2075 1680 amplectitur
2121 1597 2529 1663 sententiam
2577 1595 2906 1663 SALMASII

711 1717 1034 1784 dierectus
1093 1718 1257 1784 nihil
1315 1719 1492 1785 aliud
1538 1735 1688 1785 esse
1734 1737 1938 1801 quam
1988 1719 2320 1786 Graecum
2370 1718 2735 1797 διάρρηκτος,
2784 1720 2904 1785 1166

711 1855 970 1921 quoque
1017 1841 1523 1922 improbandum
1569 1858 1714 1906 esse
1762 1857 2019 1907 cense0.

801 1962 1026 2028 Etiam
1065 1964 1145 2028 de
1184 1963 1365 2029 vocis
1401 1963 1706 2044 prosodia
1729 1963 2141 2028 dissentiunt
2166 1962 2294 2029 viri
2318 1964 2514 2030 docti.
2547 1963 2905 2031 Spmmnus
2942 2039 2963 2058 ·

710 2099 865 2147 cum
923 2081 1072 2148 aliis
1130 2084 1471 2149 contendit
1527 2100 1759 2149 vocem
1815 2082 2159 2166 trisyllabe
2205 2101 2321 2165 per
2366 2086 2708 2166 synizesin
2755 2103 2905 2168 pro-

711 2203 1160 2269 nuntiandam
1218 2221 1400 2285 esse3
1475 2205 1645 2287 quod
1712 2204 1770 2268 si
1837 2220 2069 2268 verum
2133 2207 2255 2286 est,
2323 2204 2557 2270 multis
2616 2205 2903 2286 profecto

710 2325 870 2390 locis
932 2329 1164 2390 textus
1225 2325 1594 2391 mutandus
1655 2328 1777 2390 est.
1849 2324 2096 2390 Contra
2157 2325 2333 2390 Bmx
2380 2325 2462 2391 ad
2510 2326 2688 2391 Trin.
2739 2325 2903 2394 457:

717 2447 876 2531 „das
918 2445 1118 2511 Wort
1156 2447 1248 2514 ist
1284 2465 1409 2512 nur
1450 2447 1592 2512 hier
1629 2447 1837 2512 durch
1861 2445 2183 2529 Synizese
2222 2446 2569 2530 dreisilbrg,
2611 2448 2906 2527 dagegen

711 2568 1048 2649 viersilbig
1110 2569 1344 2634 Bacch.
1402 2568 1551 2636 579.
1625 2570 1797 2634 Men.
1848 2569 2000 2632 442.
2055 2568 2248 2634 Mero.
2307 2570 2451 2635 183.
2503 2570 2699 2635 Poen.
2750 2571 2902 2640 347.

710 2692 880 2757 Rud.
914 2693 1104 2767 1170,
1131 2709 1217 2757 an
1257 2691 1507 2757 andern
1550 2690 1800 2756 Stellen
1842 2691 1931 2756 ist
1965 2691 2069 2756 die
2095 2692 2411 2771 Messung
2435 2691 2902 2758 zweifelhaft.''

802 2813 988 2894 Ipsos
1046 2813 1240 2887 locos,
1306 2812 1420 2876 ubi
1479 2828 1612 2877 vox
1680 2813 2042 2894 invenitur,
2108 2813 2637 2894 contemplemur
2696 2816 2901 2896 atque

710 2935 867 3017 quid
905 2935 1016 3000 illa
1054 2951 1176 2999 nos
1217 2934 1448 2999 doceat
1487 2934 1961 3015 contemplatio
2008 2934 2374 2999 videamus.
2424 2934 2899 3016 Praeterquam

710 3060 939 3122 nostro
987 3054 1399 3120 Curculionis
1446 3070 1646 3119 versu
1694 3053 1972 3133 legitur:

800 3178 1036 3243 Bacch.
1086 3176 1251 3244 579:

879 3301 1132 3365 Recede
1177 3299 1332 3363 hinc
1378 3298 1680 3378 dierecte,
1733 3301 1813 3362 ut
1857 3297 2083 3378 pulsat
2128 3298 2545 3381 propudium.

801 3423 988 3503 Capt.
1038 3421 1203 3486 636:

881 3544 1048 3624 Quin
1077 3542 1360 3624 quiescis
1372 3542 1407 3606 ‘?
1429 3542 1576 3609 <i>
1596 3540 1965 3607 dierectum
1980 3558 2091 3607 cor
2107 3558 2352 3620 meum,
2366 3559 2443 3608 ac
2458 3544 2787 3624 suspende
2806 3548 2895 3610 te.

799 3665 946 3730 Cas.
1003 3664 1163 3730 103:
2798 3672 2801 3675 ’

888 3786 1020 3851 Abi
1066 3804 1201 3867 1116,
1247 3786 1354 3851 abi
1399 3784 1732 3851 dierectus
1779 3788 1970 3851 tuam
2015 3786 2084 3850 in
2131 3784 2563 3867 provinciam.

798 3907 970 3972 Men.
1022 3909 1188 3971 442:

897 4029 1095 4093 Ducit
1139 4028 1433 4093 lembum
1479 4027 1847 4093 dierectum
1896 4026 2091 4093 navis
2138 4026 2569 4108 praedatoria.

799 4151 992 4216 Mero.
1051 4149 1210 4215 184:

888 4272 988 4337 In'
1037 4271 1191 4336 hinc
1236 4266 1604 4337 dierectus?
1653 4286 1903 4350 nugare
1948 4271 2017 4336 in
2064 4288 2134 4337 re
2177 4270 2443 4353 capitali
2490 4288 2661 4337 mea.

799 4393 992 4459 Merc.
1049 4392 1211 4459 756:
