3459 5300
1601 603 1682 666 19

535 783 848 848 omnibus
904 783 1188 848 statutis
1235 800 1508 848 necesse
1557 783 1878 849 nimirum
1925 788 2070 848 erat
2117 782 2429 848 nonnulla
2475 784 2731 848 interci-

538 903 715 970 disse
778 906 1038 985 putare.
1103 903 1318 984 Quam
1366 903 1750 984 opinionem
1800 905 1905 969 vir
1950 904 2185 970 doctus
2232 905 2440 969 etiam
2487 905 2618 971 alia
2663 923 2734 970 re

537 1025 918 1090 confirmari
989 1025 1114 1091 sibi
1183 1026 1553 1106 persuasit:
1624 1043 1825 1091 versu
1888 1027 2171 1108 quodam
2240 1025 2469 1091 Sereni
2552 1026 2736 1092 Sam-

467 1148 474 1154 '
537 1145 815 1226 monici;
865 1150 974 1210 est
1019 1164 1074 1211 c.
1125 1147 1210 1211 23
1259 1164 1358 1211 vs.
1409 1147 1576 1212 420:

717 1266 966 1344 Dulcia,
1013 1268 1293 1333 Plautus
1339 1269 1454 1351 ait,
1503 1269 1739 1347 grandi
1781 1269 2009 1334 minus
2053 1273 2213 1349 apta
2256 1268 2435 1333 lieni.

630 1387 841 1468 Quem
903 1405 1176 1453 versum
1235 1389 1317 1452 ad
1364 1389 1578 1454 nostri
1626 1391 1956 1470 pertinere
2003 1389 2354 1454 existimat
2398 1390 2520 1454 loci
2566 1391 2735 1455 lacu·
2846 1445 2851 1458 .

539 1527 732 1591 nam3
782 1527 934 1591 ergo
978 1509 1212 1574 ludens
1259 1527 1344 1574 ex
1390 1527 1467 1576 eo
1513 1511 1692 1576 hunc
1740 1511 2081 1577 senarium
2126 1511 2316 1575 fecit:

727 1632 894 1696 Nam
942 1630 1173 1710 grandi
1219 1631 1376 1696 lieni
1422 1633 1646 1697 minus
1693 1638 1859 1697 sunt
1901 1636 2060 1712 apta
2107 1632 2339 1698 dulcia.

631 1753 811 1834 Quae
857 1752 992 1818 fere
1039 1753 1389 1829 desideret,
1413 1754 1576 1819 dicit
1622 1754 1726 1819 his
1773 1755 2030 1819 verbis:
2072 1757 2538 1838 „exspectares
2562 1770 2737 1818 men-

540 1875 794 1940 tionem
868 1877 1070 1939 antea
1146 1875 1460 1940 iniectam
1529 1876 1847 1958 ciborum,
1920 1892 2087 1956 quos
2155 1875 2333 1965 leno¹
2370 1879 2449 1940 ut
2518 1875 2742 1939 ederet

542 1996 853 2060 suaderet
912 1995 1287 2061 Palinurus.
1352 1995 1556 2061 Velut
1603 2013 1758 2062 cum
1804 2002 2119 2076 negasset
2164 1997 2311 2062 leno
2356 1996 2745 2061 ambulatio-

543 2133 697 2181 nem
745 2116 1050 2182 sufflcere
1096 2117 1179 2181 ad
1225 2119 1532 2183 morbum
1578 2117 1961 2201 tenendum,
2011 2123 2273 2200 poterat
2312 2117 2597 2183 alterum
2638 2116 2743 2181 ille

542 2237 828 2320 proferre
884 2241 1312 2318 praeceptum
1361 2243 1429 2303 et
1478 2255 1750 2320 pergere
1793 2238 1961 2314 leno,
2012 2257 2085 2304 se
2130 2236 2253 2304 hoc
2298 2256 2556 2320 quoque
2602 2239 2738 2303 iam

543 2359 712 2425 satis
771 2376 1098 2442 superque
1158 2360 1411 2424 frustra
1463 2360 1865 2426 adhibuisse.
1916 2361 2087 2426 Tum
2132 2362 2309 2426 iocos
2356 2359 2460 2425 ille
2506 2359 2739 2440 incipit

542 2481 1023 2563 respondetque
1061 2479 1226 2561 lenc,
1267 2480 1455 2546 facile
1492 2498 1639 2547 esse
1671 2483 1995 2548 miserum
2020 2483 2320 2562 inridere,
2347 2485 2417 2547 et
2441 2481 2742 2563 persistit

541 2619 779 2669 servus
825 2600 895 2667 in
942 2602 1336 2668 irridend0.’'
1507 2575 1511 2580 ’

633 2724 1000 2807 Concludit,
1055 2743 1246 2811 „cum
1294 2730 1365 2791 et
1411 2731 1571 2792 ante
1618 2744 1719 2792 vs.
1762 2729 1886 2792 241
1931 2726 2389 2793 desiderentur
2425 2726 2739 2791 nonnulla

543 2850 612 2913 et
662 2850 815 2928 post
862 2863 1132 2912 versum
1183 2848 1358 2913 239”
1389 2846 1438 2932 ¹)
1482 2848 1604 2931 (sic
1651 2852 1882 2914 autern
1928 2866 2169 2915 versus
2215 2847 2542 2929 disponit:

547 2968 676 3034 239
724 2968 793 3033 Ρ.
847 2968 1018 3034 Tum
1068 2974 1136 3034 te
1183 2970 1382 3048 igitur
1428 2971 1702 3035 morbus
1748 2971 1964 3049 agitat
2009 2970 2434 3055 hepatiarius.

546 3091 676 3155 240
723 3090 792 3155 C.
841 3090 1005 3155 Lien
1053 3091 1438 3157 dierectust.
1480 3092 1549 3155 P.
1600 3091 1924 3156 Ambula:
1977 3092 2037 3155 id
2087 3090 2245 3155 lieni
2291 3094 2739 3171 optumumst.

545 3213 666 3277 241
722 3211 793 3276 Ο.
865 3211 1150 3278 Facilest
1218 3212 1540 3279 miserum
1609 3214 1914 3278 inridere.
1990 3214 2062 3277 P.
2136 3212 2304 3293 Quin
2369 3216 2448 3277 tu
2494 3212 2745 3294 aliquot

2142 3335 2303 3412 [dies
2352 3351 2408 3398 e.
2458 3351 2517 3416 q.
2569 3338 2652 3410 S.)

551 3460 662 3541 3‚se
732 3471 866 3519 non
929 3454 1254 3529 dubitare,
1317 3455 1475 3535 quin
1538 3472 1777 3521 versus
1841 3456 1970 3519 240
2034 3471 2172 3518 una
2232 3472 2386 3518 cum
2446 3454 2563 3529 eiS,
2629 3454 2743 3534 qui

546 3574 1020 3640 interciderant
1067 3592 1107 3639 a
1151 3575 1416 3641 librario
1462 3576 1633 3641 forte
1677 3575 1910 3641 omissi
1956 3579 2025 3640 et
2074 3575 2143 3638 in
2192 3572 2490 3652 margine
2535 3572 2744 3638 additi

545 3698 704 3777 sint,
769 3713 1051 3779 quorum
1099 3714 1277 3761 unus
1321 3698 1391 3761 in
1437 3698 1962 3762 continuitatem
2009 3696 2361 3760 verborum
2409 3693 2745 3774 irrepsit.’'

635 3817 829 3883 Nunc
874 3817 1017 3897 ipse
1063 3818 1220 3898 quid
1269 3818 1559 3905 sentiam
1607 3819 1847 3882 dicam.
1891 3818 2034 3882 Iam
2078 3834 2282 3897 supra
2305 3816 2408 3894 egi
2439 3815 2518 3879 de
2543 3830 2743 3879 versu

546 3939 680 4003 239
720 3942 789 4003 et
825 3940 1100 4019 probare
1140 3942 1422 4005 conatus
1461 3956 1614 4004 sum
1641 3940 1852 4003 ‘versu
1897 3938 2026 4003 240
2072 3936 2298 4023 „facile
2337 3940 2445 4000 est
2475 3952 2530 3999 e.
2556 3952 2617 4016 q.
2645 3934 2745 3999 s.”

547 4063 812 4140 recepto
852 4060 1024 4139 quod
1067 4060 1377 4140 proposui
1419 4077 1534 4140 pro
1574 4060 1994 4141 hepatiarius
2030 4059 2281 4139 optime
2322 4074 2591 4121 versum
2620 4056 2748 4119 239

550 4182 788 4263 excipi.
816 4180 1044 4262 Neque
1067 4182 1351 4245 arbitror
1377 4197 1643 4245 versum
1671 4182 1797 4251 244
1820 4199 1834 4243 z
1866 4180 2068 4264 „Lien
2093 4180 2454 4248 dierectust
2477 4195 2532 4243 e.
2560 4195 2621 4259 q.
2649 4175 2749 4241 s.”

729 4438 834 4495 Cur
869 4442 1046 4493 autem
1084 4436 1186 4504 hic,
1222 4436 1304 4493 fac
1341 4436 1452 4491 eius
1487 4434 1782 4509 opinionem
1822 4435 1886 4490 de
1924 4435 2109 4492 lacuna
2144 4453 2316 4489 veram
2362 4436 2509 4489 esse?
2530 4409 2546 4430 ⁸
