3459 5300
1340 1290 1913 1374 INDEX.

481 1637 757 1693 Praefatio
762 1676 2435 1693 ...................
2512 1655 2642 1708 pag.
2725 1639 2748 1691 1
2761 1678 2774 1692 .

480 1742 610 1813 Cap.
651 1743 694 1798 Ι.
845 1743 926 1798 De
968 1741 1316 1799 Curculionis
1353 1747 1482 1798 actu
1520 1745 1702 1814 primo
1781 1784 2441 1800 ........
2558 1767 2587 1797 »
2723 1743 2775 1799 3.

478 1847 612 1918 Cap.
656 1849 730 1904 11.
845 1849 927 1904 De
970 1849 1316 1905 Curculiouis
1355 1853 1487 1905 actu
1526 1849 1767 1905 secundo
1786 1889 2441 1904 ........
2560 1873 2587 1901 »
2688 1850 2775 1904 15.

477 1953 612 2024 Cap.
652 1954 752 2009 111.
843 1955 921 2010 De
961 1955 1234 2012 vocabulo
1271 1973 1325 2025 q.
1365 1971 1414 2009 e.
1448 1955 1725 2010 dierectus
1780 1994 2441 2009 ........
2558 1977 2586 2006 »
2684 1955 2775 2010 21.

479 2058 611 2129 Cap.
651 2058 750 2114 IV.
844 2059 924 2114 De
953 2059 1297 2116 Curculionis
1317 2065 1450 2116 actu
1469 2060 1710 2116 secundo
1729 2062 2094 2117 continuatur
2114 2060 2438 2130 disputatiO.
2557 2083 2585 2111 »
2684 2061 2774 2116 27.

478 2163 612 2235 Cap.
649 2165 716 2219 V.
842 2165 921 2220 De
966 2166 1278 2236 particulae
1316 2167 1508 2236 itaque
1546 2165 1696 2236 apud
1738 2166 2000 2221 Plautum
2042 2184 2160 2221 usu.
2240 2205 2255 2221 .
2334 2206 2347 2221 .
2426 2206 2439 2220 .
2557 2188 2585 2217 v>
2683 2167 2775 2222 47.

475 2269 609 2340 Cap.
650 2269 746 2324 VI.
833 2270 915 2324 De
962 2269 1307 2326 Curculionis
1350 2275 1484 2326 actu
1529 2271 1769 2326 secundo
1812 2270 1883 2325 ad
1922 2271 2085 2326 finem
2115 2269 2441 2342 perducitur

822 2359 1132 2430 disputatio
1224 2400 2440 2417 ..............
2558 2380 2585 2415 1>
2684 2361 2775 2416 52.

478 2466 612 2535 Gap.
652 2465 779 2522 VII.
835 2465 916 2520 De
955 2465 1301 2521 Curculionis
1340 2469 1472 2521 actu
1514 2467 1683 2524 tertio
1689 2505 2440 2521 .........
2556 2488 2585 2517 n
2686 2466 2775 2520 56.

483 2572 617 2641 Cap.
656 2571 809 2626 VIII.
836 2571 916 2626 De
936 2571 1283 2629 Curculionis
1310 2589 1452 2642 quae
1481 2572 1689 2628 dicitur
1708 2571 1982 2643 parabasi.
2005 2570 2443 2642 Topographica.
2560 2593 2588 2622 x>
2688 2572 2778 2626 71.

485 2678 617 2749 Cap.
657 2678 754 2734 IX.
835 2679 918 2734 De
961 2679 1071 2736 loci
1122 2680 1180 2734 in
1232 2679 1556 2737 Trinummo
1595 2681 1729 2754 (825
1753 2682 1898 2755 sqq.)
1934 2678 2180 2735 versibus
2219 2678 2446 2749 quibus-

826 2769 951 2825 dam
991 2770 1273 2827 immerito
1314 2770 1600 2840 suspectis.
1694 2810 1707 2824 .
1786 2811 1799 2825 .
1863 2844 1869 2852 ·
1880 2809 2448 2827 .......
2565 2791 2593 2820 »
2657 2769 2779 2823 105.

484 2876 620 2946 Cap.
657 2877 723 2933 X.
824 2876 904 2931 De
943 2877 1288 2933 Curculionis
1325 2882 1458 2932 actu
1495 2880 1696 2947 quarto
1790 2915 2449 2933 ........
2565 2897 2594 2927 n
2658 2876 2780 2931 113.

485 2982 618 3052 Cap.
657 2983 752 3039 XI.
819 2984 899 3039 De
939 2982 1288 3040 Curculionis
1327 2988 1460 3039 actu
1500 2982 1698 3052 quinto
1706 3021 2448 3037 .........
2556 3002 2594 3045 p
2660 2981 2780 3035 137.

485 3119 688 3177 Theses
770 3161 1249 3176 ......
1302 3156 1308 3161 -
1329 3158 2451 3175 .............
2567 3139 2596 3169 »
2659 3118 2784 3173 165.
