3459 5300
1560 582 1642 647 81

506 776 595 824 an
655 774 887 826 revera
947 761 1204 828 Fnsrus
1266 780 1400 829 non
1445 762 1757 852 loquatur
1801 764 1884 830 de
1935 763 2250 829 tabernis,
2299 763 2528 845 Neque
2576 781 2711 830 vox

506 896 712 944 novae
772 897 986 962 neque
1054 884 1346 965 quinque
1412 900 1625 965 neque
1672 884 1988 950 tabernas
2029 887 2358 966 superest,
2407 885 2522 950 sed
2570 903 2712 951 -vas

510 999 650 1081 (qui
710 998 867 1067 finis
925 1018 1072 1068 esse
1137 1007 1358 1084 potest
1417 1021 1473 1070 e.
1524 1022 1584 1086 g.
1650 1011 1836 1072 vocis
1892 1010 2089 1087 quas)
2127 1008 2199 1070 et
2245 1023 2363 1071 -αε,
2415 1004 2709 1071 Tantum

510 1138 644 1187 vox
702 1125 947 1204 septem
1006 1129 1332 1206 superest.
1383 1127 1765 1193 Admodum
1811 1127 2017 1206 igitur
2065 1127 2498 1192 temerarium
2545 1125 2712 1192 mihi

512 1242 779 1308 videtur
846 1262 963 1326 pro
1032 1250 1214 1313 certo
1278 1249 1578 1314 statuere
1638 1248 1748 1314 hic
1802 1250 2215 1314 mentionem
2263 1249 2405 1315 fieri
2450 1253 2712 1331 septem

509 1364 960 1430 tabernarum.
1030 1366 1257 1450 Atque
1307 1370 1665 1437 omninone
1697 1373 1855 1436 tam
1902 1370 2262 1436 verisimile
2308 1373 2416 1437 est
2462 1370 2570 1435 hic
2605 1370 2713 1450 agi

510 1484 589 1549 de
635 1486 983 1553 tabernis?
1029 1489 1447 1572 Quamquam
1493 1491 1669 1558 haud
1716 1491 1940 1557 nescio
1985 1490 2297 1557 aedilium
2336 1508 2711 1557 censorum·

512 1622 639 1686 que
686 1607 901 1675 officia
956 1629 1088 1677 non
1138 1629 1401 1694 semper
1446 1613 1545 1679 ita
1588 1611 1778 1680 facile
1825 1613 2150 1692 distingui
2196 1630 2408 1696 posse,
2459 1616 2713 1689 tamen,

512 1733 848 1808 quantum
912 1733 1069 1812 sci0‚
1130 1752 1395 1817 semper
1448 1736 1613 1802 alias
1658 1753 1866 1816 penes
1911 1752 2219 1802 censores
2263 1740 2373 1802 est
2415 1753 2574 1802 cura
2618 1739 2714 1802 ta·

514 1849 871 1918 bernarum
924 1856 1504 1924 aedificandarum.
1554 1857 1780 1924 Etiam
1827 1875 1914 1924 ex
1959 1857 2402 1939 appellatione
2448 1858 2721 1939 plebeia·

513 1987 667 2035 rum
728 1974 1146 2043 efficiendum
1204 1996 1354 2044 esse
1399 1978 1566 2043 mihi
1611 1979 1882 2045 videtur
1931 1979 2038 2044 hic
2084 1978 2193 2060 agi
2238 1978 2320 2045 de
2364 1977 2582 2060 aliqua
2629 1997 2722 2070 re,

514 2111 683 2175 quae
730 2097 983 2163 solebat
1029 2099 1171 2165 fieri
1210 2101 1295 2166 ab
1334 2100 1657 2166 aedilibus
1695 2100 2057 2184 curulibus,
2087 2099 2203 2166 sed
2244 2117 2420 2166 nunc
2458 2103 2724 2181 praeter

515 2233 770 2283 morem
817 2218 997 2284 facta
1043 2224 1190 2286 erat
1230 2221 1314 2287 ab
1360 2221 1682 2287 aedilibus
1723 2221 2018 2302 plebeiis.
2059 2221 2132 2287 Si
2170 2221 2497 2303 oppositio
2533 2222 2725 2287 fieret

515 2338 693 2404 inter
760 2357 1068 2407 censores
1129 2345 1200 2407 et
1259 2342 1523 2419 aediles,
1580 2342 1926 2407 aedilicius
1987 2359 2232 2408 nomen
2299 2343 2514 2422 magis
2576 2361 2722 2408 con·

442 2477 446 2480 ·
518 2463 918 2527 sentaneum
961 2462 1154 2528 foret.

606 2582 771 2648 Post
815 2583 988 2649 hanc
1036 2584 1207 2651 satis
1250 2584 1516 2665 longam
1561 2603 1601 2651 a
1640 2585 1816 2652 Livii
1860 2584 2000 2653 loco
2046 2585 2533 2652 aberrationem
2579 2586 2716 2653 iam

518 2704 601 2768 ad
648 2705 873 2785 ipsum
921 2710 1241 2773 revertor.
1292 2707 1492 2773 Patet
1536 2710 1794 2783 autem,
1843 2708 1902 2773 si
1947 2725 2184 2773 verum
2230 2711 2336 2773 est
2382 2708 2553 2788 quod
2593 2708 2720 2773 dis-

520 2829 775 2913 putavi,
838 2829 1078 2911 locum‚
1144 2830 1322 2896 sicut
1367 2830 1451 2895 ad
1498 2847 1621 2896 nos
1668 2830 2000 2911 pervenit,
2059 2832 2240 2895 stare
2310 2846 2440 2895 non
2502 2846 2719 2911 posse.

522 2947 845 3028 Quoniam
892 2952 1074 3016 enim
1118 2952 1292 3017 dixit
1337 2952 1571 3017 Livius
1623 2951 1962 3037 „pluribus
2007 2949 2210 3015 simul
2254 2948 2456 3015 locis”
2504 2951 2720 3016 incen-

521 3072 707 3137 dium
767 3076 990 3139 ortum
1050 3091 1220 3150 esse,
1275 3076 1347 3139 et
1392 3077 1661 3155 postea:
1718 3090 1880 3160 „nec
1926 3072 2045 3138 ulli
2090 3072 2367 3137 dubium
2405 3075 2562 3137 'erat
2607 3072 2721 3137 hu-

523 3211 724 3259 mana
785 3195 851 3260 id
911 3196 1141 3261 fraude
1199 3196 1456 3261 factum
1519 3211 1683 3278 esse,
1749 3195 1920 3275 quod
1970 3192 2271 3275 pluribus
2317 3190 2517 3258 simul
2562 3191 2722 3259 locis

522 3318 592 3380 et
650 3316 736 3381 iis
798 3317 1081 3383 diversis
1142 3317 1333 3397 ignes
1380 3317 1590 3382 coorti
1636 3314 1932 3397 essent”‚
1982 3314 2125 3382 fieri
2170 3331 2306 3379 non
2353 3313 2597 3395 potuit,
2644 3316 2724 3377 ut

522 3458 735 3505 unum
781 3442 1057 3506 tantum
1105 3441 1323 3507 locum
1370 3440 1766 3519 nominaret,
1835 3455 2050 3519 neque
2095 3437 2261 3503 duos
2306 3434 2502 3510 locOS‚
2549 3434 2723 3515 quod

522 3566 756 3628 tamen
818 3562 915 3643 fit,
980 3561 1040 3627 si
1100 3562 1282 3628 viros
1335 3562 1564 3628 doctos
1609 3561 1987 3642 sequimur3
2036 3576 2197 3625 nam
2243 3558 2372 3623 duo
2416 3556 2540 3622 1001
2585 3572 2722 3620 11011

527 3685 819 3765 plures
888 3684 1014 3748 dici
1084 3686 1388 3764 possunt.
1458 3683 1786 3765 Equidem
1853 3681 1948 3747 sic
2016 3685 2095 3745 ut
2160 3679 2419 3758 legatur
2487 3678 2722 3742 auctor

519 3822 706 3871 sum:
778 3853 808 3888 „
842 3852 856 3868 .
888 3852 903 3868 .
935 3804 1325 3885 ..pluribus
1384 3804 1587 3869 simul
1646 3803 1811 3869 locis
1855 3804 2025 3868 circa
2071 3801 2291 3866 forum
2338 3799 2722 3865 incendium

520 3930 780 3991 ortum:
826 3926 1059 3992 eodem
1112 3929 1410 4006 tempore
1465 3928 1724 4007 septem
1773 3925 2091 3989 tabernae
2150 3959 2213 3969 —
2270 3938 2442 4003 quae
2489 3923 2725 4002 postea

521 4048 812 4129 quinque
858 4050 1109 4112 erant
1166 4083 1235 4093 —
1292 4046 1730 4128 argentariae,
1780 4060 1951 4126 quae
1998 4062 2178 4109 nunc
2226 4044 2457 4108 Novae
2499 4040 2726 4122 appel-

519 4167 763 4249 lantur,
837 4184 1057 4232 arsere
1072 4189 1100 4247 ;
1168 4168 1643 4248 comprehensa
1716 4166 1882 4249 (scil.
1953 4166 2100 4245 ἐφη·
2160 4164 2462 4240 subiecto)
2525 4180 2569 4242 p
2587 4180 2625 4227 0
2643 4164 2725 4226 st

523 4304 560 4352 e
578 4306 619 4353 a
638 4305 671 4353 s
741 4286 813 4368 (i.
862 4305 913 4351 e.
984 4306 1150 4369 quae
1210 4291 1363 4369 post
1428 4306 1538 4353 eas
1605 4288 1740 4352 sita
1812 4287 2032 4364 erant)
2100 4285 2367 4365 privata
2434 4282 2729 4349 aedificia

523 4427 580 4475 e.
624 4427 685 4490 q.
738 4409 839 4473 s.''
905 4408 1013 4474 Sic
1066 4412 1137 4473 et
1184 4410 1356 4489 quod
1404 4410 1474 4475 in
1519 4409 1819 4475 transitu
1871 4409 2268 4473 observatur
2315 4407 2395 4471 de
2443 4403 2734 4471 basilicis

2495 4524 2525 4570 0
