3459 5300
1812 571 1897 636 62

753 750 876 818 hoc
935 749 1097 816 nihil
1163 749 1381 817 valere
1432 750 1517 819 ad
1565 750 1888 818 Plautum
1935 753 2111 820 dicto
2158 770 2293 820 non
2337 770 2507 836 opus
2551 755 2678 819 est.
2727 752 2957 834 Neque

754 873 876 939 hoc
939 869 1206 938 Son'rAu
1261 872 1625 940 admodum
1669 874 2004 957 probabile
2047 876 2285 942 ducere
2332 875 2630 956 videtur;
2680 892 2841 941 nam
2885 874 2957 938 in

762 996 1076 1076 promptu
1137 992 1341 1058 habet
1399 993 1576 1058 aliud
1639 995 1819 1076 quid,
1880 996 2054 1078 quod
2110 996 2344 1076 multo,
2391 1000 2471 1061 ut
2516 997 2659 1078 ipse
2705 998 2957 1071 censet,

759 1112 852 1178 sit
899 1112 1363 1180 verisimilius:
1425 1113 1679 1181 scilicet
1725 1119 1997 1182 servato
2042 1120 2101 1182 et
2148 1117 2413 1200 quidem
2454 1117 2763 1184 lacunam
2800 1118 2960 1181 ante

756 1251 1030 1302 versum
1078 1235 1510 1302 statuendam
1548 1253 1716 1303 esse.
1774 1237 2162 1324 „Curculio”
2201 1240 2301 1304 ait
2346 1239 2671 1324 „fortasse
2709 1242 2959 1320 specta-

757 1355 1016 1422 toribus
1061 1359 1473 1432 narraverat,
1523 1374 1692 1437 quae
1743 1359 2023 1424 ‘ventris
2068 1359 2547 1426 stabilimenta’
2595 1358 2819 1426 oblata
2862 1375 2959 1438 es·

763 1480 939 1554 sent,
998 1479 1071 1542 et
1115 1476 1348 1542 deinde
1393 1493 1583 1557 spem
1629 1482 1999 1563 aperuerat,
2050 1496 2120 1544 re
2166 1481 2333 1546 bene
2378 1485 2530 1547 acta
2574 1480 2775 1546 aliam
2823 1495 2963 1545 coe-

764 1616 925 1665 nam
985 1599 1137 1664 sibi·
1173 1602 1481 1680 paratam
1541 1600 1701 1666 fore.
1773 1601 1948 1667 Tum
2007 1601 2223 1667 iocose
2284 1602 2520 1668 addere
2584 1603 2805 1684 potuit
2871 1602 2958 1666 ‘et

760 1721 1027 1804 quidem
1089 1720 1323 1802 reliqui
1384 1721 1454 1787 in
1518 1723 1757 1787 ventre
1802 1722 2003 1789 cellae
2049 1723 2169 1790 uni
2213 1724 2453 1806 locum,
2501 1723 2615 1790 ubi
2661 1723 2959 1805 reliquia·

764 1861 915 1909 rum
963 1841 1272 1924 reliquias
1317 1842 1737 1926 reconderem
1754 1843 1793 1908 l’
1841 1843 2020 1924 Quae
2068 1845 2127 1910 si
2165 1847 2344 1910 recte
2383 1846 2707 1929 perspexi,
2751 1845 2961 1910 etiam

764 1965 894 2032 alia
941 1963 1225 2043 vestigia
1271 1963 1616 2029 histrionis
1661 1964 2011 2032 cuiusdam
2059 1964 2521 2032 Curculionem
2544 1966 2963 2032 decurtantis

767 2086 1198 2156 retractantis
1245 2085 1584 2152 detexisse
1629 2087 1795 2152 mihi
1840 2088 2031 2154 visus
2075 2088 2297 2154 sum”.
2368 2088 2519 2154 Non
2564 2088 2962 2154 contendere

768 2209 998 2280 dubito
1058 2207 1338 2276 minime
1403 2226 1558 2274 eum
1617 2209 1741 2275 hoc
1802 2213 1979 2276 recte
2035 2209 2474 2292 perspexisse.
2524 2210 2965 2291 Quamobrem

768 2331 1042 2399 tandem
1104 2329 1401 2410 parasito
1447 2347 1818 2404 memorare
1863 2348 2032 2412 opus
2078 2335 2244 2407 erat,
2292 2331 2449 2413 quid
2494 2330 2762 2411 edisset,
2811 2347 2965 2396 cum

770 2453 906 2519 iam
968 2452 1424 2524 Phaedromus
1486 2469 1587 2516 vs.
1654 2453 1785 2518 323
1847 2453 2154 2535 dixisset,
2219 2469 2387 2534 quae
2432 2454 2663 2519 essent
2707 2455 2964 2532 parata,

770 2574 943 2659 quod
989 2575 1260 2656 insuper
1305 2591 1344 2638 a
1389 2573 1781 2640 Curculione
1829 2591 1930 2640 vs.
1973 2575 2102 2640 366
2141 2575 2465 2640 iteratum
2518 2574 2675 2638 est?
2738 2573 2964 2655 Neque

767 2699 950 2765 locus
995 2698 1199 2765 unius
1242 2696 1441 2762 cellae
1486 2697 1760 2763 relictus
1807 2701 1915 2763 est
1968 2698 2121 2784 „alii
2158 2698 2465 2779 coenae’,'‚
2508 2698 2623 2765 sed
2648 2696 2963 2778 reliquiis.

770 2820 905 2887 Cur
966 2837 1155 2901 porro
1215 2822 1274 2883 et
1335 2818 1599 2901 quidem
1661 2820 1759 2885 sic
1805 2837 1937 2885 non
1985 2822 2282 2886 offendat
2328 2820 2743 2893 Son'rAvnm,
2790 2835 2971 2894 cum,

772 2943 902 3009 nisi
946 2942 1254 3011 lacunam
1301 2941 1570 3022 statuit,
1622 2943 1690 3008 in
1739 2959 1815 3009 eo
1845 2943 2157 3018 haereat,
2208 2959 2479 3023 prorsus
2527 2960 2635 3009 me
2684 2941 2875 3023 fugit.

829 3130 833 3138 .
865 3066 1082 3134 Versu
1131 3063 1473 3145 sequenti:
1862 3116 1867 3123 .

952 3186 1113 3269 Quis
1158 3184 1266 3249 hio
1310 3186 1434 3267 est,
1486 3184 1600 3266 qui
1646 3187 1878 3264 operto
1924 3185 2143 3266 capite
2189 3184 2666 3266 Aesculapium

770 3310 902 3380 390
949 3307 1265 3377 Salutat?
1309 3308 1508 3385 attat,
1560 3323 1761 3389 quem
1808 3308 2231 3389 quaerebam.
2280 3322 2556 3387 sequere
2604 3321 2731 3371 me.

769 3432 1119 3514 exspectat
1171 3427 1340 3498 Lao:
1399 3428 1548 3515 „sed
1597 3431 1748 3511 quis
1796 3430 1910 3500 hic,
1947 3430 2118 3496 est'’.
2189 3430 2443 3494 Verum
2489 3430 2596 3494 est
2642 3426 2970 3494 eiusmodi

770 3552 1169 3633 sententiaS,
1215 3550 1329 3616 ubi
1374 3550 1526 3631 quis
1571 3550 1899 3632 conspicit
1944 3551 2190 3631 aliquid
2238 3551 2801 3630 inexspectatum,
2842 3546 2969 3628 ple·

769 3690 1051 3757 rumque
1099 3691 1140 3739 a
1184 3672 1299 3737 sed
1344 3672 1648 3754 incipere.
1711 3672 1955 3738 Noster
2000 3677 2231 3738 tamen
2282 3671 2466 3737 locus
2511 3669 2824 3736 histrioni
2868 3668 2965 3733 sio

767 3796 1064 3876 agendus
1126 3796 1233 3858 est
1292 3795 1372 3857 ut
1434 3810 1567 3859 non
1633 3793 1851 3859 solum
1898 3794 2013 3859 sed
2061 3811 2193 3859 non
2240 3792 2669 3872 desideretur,
2720 3790 2835 3856 sed
2884 3807 2968 3855 ne

765 3917 971 3983 inseri
1031 3914 1300 3996 quidem
1366 3915 1598 3998 possit,
1642 3916 1801 3995 quin
1870 3918 2055 3981 totus
2116 3915 2601 3995 corrumpatur.
2666 3911 2970 3978 Curculio

769 4036 1086 4115 nonnulla
1147 4052 1378 4101 secum
1422 4035 1687 4103 locutus
1734 4039 1861 4112 est,
1911 4041 2059 4102 tum
2080 4098 2085 4105 ,
2108 4036 2333 4104 subito
2380 4032 2707 4115 conspicit
2752 4049 2975 4115 quem·

769 4159 968 4241 piam,
1031 4156 1148 4239 qui
1207 4172 1409 4238 quem
1472 4157 1735 4236 quaerit
1781 4158 1841 4223 ei
1888 4174 2036 4223 esse
2085 4156 2366 4239 videtur,
2418 4172 2535 4237 per
2580 4155 2784 4219 breve
2830 4170 2972 4233 spa·

767 4282 946 4346 tium
1007 4279 1282 4344 miranti
1344 4278 1540 4342 vultu
1604 4297 1764 4345 eum
1824 4280 2164 4359 intuetur;
2218 4282 2367 4343 tum
2412 4277 2630 4342 adhuc
2676 4276 2973 4341 incertus

769 4403 967 4469 dicit:
1023 4402 1211 4486 „quis
1257 4400 1364 4463 hic
1408 4405 1514 4463 est
1561 4377 1843 4481 e.q.s.?”
1891 4402 2137 4467 Eodem
2175 4417 2283 4466 res
2307 4399 2481 4463 redit
2504 4397 2661 4463 acsi
2686 4397 2969 4463 diceret:
