3459 5300
1529 586 1658 652 143

481 768 742 835 alienus
805 771 930 835 est.
995 769 1330 850 Quomodo
1391 769 1573 836 enim
1635 772 1709 844 is,
1778 772 1891 853 qui
1957 789 2087 837 non
2149 771 2413 851 ignorat
2473 789 2686 837 unum

483 889 952 957 Curculionem
1008 891 1082 955 in
1140 891 1334 972 culpa
1389 908 1536 957 esse
1581 896 1710 970 (vs.
1762 892 1941 972 583),
1994 893 2294 959 minitari
2341 895 2567 974 potest
2612 910 2686 958 se

481 1013 980 1094 quadruplicem
1041 1013 1393 1095 pecuniam
1447 1013 1829 1079 ablaturum
1875 1032 2023 1081 esse
2069 1032 2110 1080 a
2156 1015 2686 1080 Phaedromo

482 1138 567 1200 et
633 1136 991 1202 lenone?
1066 1136 1247 1201 Leno
1314 1136 1732 1218 promiserat,
1802 1137 1862 1202 si
1929 1137 2283 1219 quisquam
2354 1137 2685 1216 virginem

481 1256 731 1322 liberali
792 1274 996 1322 causa
1058 1274 1264 1323 manu
1321 1261 1669 1340 assereret,
1718 1258 1892 1339 quod
1939 1275 2115 1323 nunc
2161 1249 2323 1323 facit
2369 1257 2686 1323 Phaedro-

485 1395 662 1455 muS,
709 1395 783 1443 se
826 1395 1024 1444 omne
1068 1382 1444 1462 argentum,
1490 1379 1708 1444 minas
1745 1379 2045 1460 triginta,
2084 1378 2504 1444 redditurum
2540 1394 2688 1445 esse

485 1501 614 1585 (vs.
680 1500 859 1585 490).
917 1500 1119 1566 Patet
1178 1499 1386 1580 igitur
1433 1499 1715 1566 militem
1763 1518 1896 1567 non
1943 1500 2687 1582 quadruplicem

481 1621 831 1703 pecuniam
870 1621 1206 1704 postulare
1245 1637 1456 1702 posse,
1497 1621 1892 1702 neutiquam
1930 1624 2161 1687 autem
2192 1639 2233 1686 a
2258 1621 2687 1688 Phaedromo.

480 1742 615 1809 Cur
677 1748 930 1820 autem,
993 1745 1050 1809 si
1099 1745 1304 1809 verba
1350 1742 1585 1808 militis
1630 1748 1880 1816 essent,
1930 1744 2361 1825 potissimum
2406 1745 2688 1826 quadru-

479 1864 632 1947 plex
699 1867 980 1947 pecunia
1049 1866 1551 1947 postularetur?
1620 1865 1899 1931 Accedit
1966 1865 2138 1947 quod
2207 1866 2399 1951 miles
2466 1865 2682 1932 dicere

480 1988 797 2053 debebat:
881 1988 1282 2074 „repetam”,
1383 2005 1511 2053 non
1593 1988 1998 2074 „auferam”
2077 1988 2507 2054 Manifestum
2574 1990 2682 2054 est

478 2109 721 2175 iniuria
780 2109 1156 2177 Ussmomu
1217 2127 1459 2190 negare
1519 2110 1625 2175 hic
1686 2111 2102 2176 mentionem
2161 2110 2304 2176 fleri
2359 2110 2674 2177 actionis:

485 2232 909 2318 „actionum'f
970 2234 1068 2298 ait
1127 2232 1350 2315 „nulla
1393 2233 1666 2299 omnino
1711 2232 1967 2297 mentio
2013 2235 2139 2298 est.
2186 2231 2374 2298 Miles
2418 2233 2561 2313 ipse
2608 2249 2681 2298 se

478 2355 682 2432 negat
726 2354 800 2419 in
844 2354 954 2420 ius
999 2355 1255 2420 iturum
1302 2371 1450 2421 esse
1498 2370 1600 2419 vs.
1649 2354 1804 2435 621,
1851 2370 1976 2418 nec
2021 2352 2283 2429 iudicio,
2330 2353 2447 2418 sed
2492 2353 2563 2418 vi
2611 2357 2682 2418 et

477 2476 686 2540 armis
753 2476 1249 2559 quadruplicem
1317 2476 1664 2558 pecuniam
1734 2493 1807 2542 se
1868 2475 2252 2540 ablaturum
2313 2474 2678 2566 minatur.”

475 2596 689 2678 Atqui
725 2597 1178 2665 Phaedromus
1224 2599 1283 2664 is
1321 2600 1447 2673 est,
1479 2597 1594 2680 qui
1641 2597 1977 2663 actionem
2002 2597 2328 2680 intendit;
2356 2596 2462 2663 hic
2485 2596 2679 2679 virgi-

474 2734 634 2783 nem
680 2718 751 2784 in
799 2720 1182 2785 libertatem
1225 2720 1540 2786 vindicat.
1586 2719 1760 2785 Huic
1797 2720 2192 2784 tribuendus
2227 2722 2338 2784 est
2369 2736 2473 2784 vs.
2522 2718 2677 2801 619,

477 2838 592 2920 qui
658 2843 804 2906 arte
872 2843 981 2906 est
1047 2841 1424 2920 iungendus
1493 2857 1647 2906 cum
1726 2858 1829 2905 vs.
1903 2840 2054 2905 620.
2128 2839 2225 2904 cf.
2298 2839 2672 2906 Dnunnms:

484 2960 727 3046 „schon
775 2963 935 3028 dasz
983 2963 1086 3028 die
1134 2962 1438 3044 ‘pecunia
1483 2960 1916 3043 quadruplex'
1965 2961 2099 3026 und
2148 2962 2267 3027 das
2316 2961 2467 3027 ‘scis
2512 2978 2676 3027 mer·

475 3082 610 3147 cari
656 3082 970 3148 furtivas'
1025 3084 1093 3148 in
1146 3083 1316 3149 zwei
1361 3083 1485 3148 auf
1523 3083 1842 3148 einander
1886 3081 2232 3162 folgenden
2280 3082 2502 3149 Zeilen
2548 3083 2678 3149 bei-

475 3220 783 3269 sammen
846 3204 1104 3280 stenen,
1164 3202 1302 3284 legt
1362 3222 1436 3270 es
1484 3203 1658 3269 nahe
1715 3204 1789 3268 in
1849 3203 1966 3268 der
2012 3204 2299 3294 aweiten
2348 3205 2527 3269 Zeile
2572 3204 2676 3269 die

473 3324 926 3406 Begrt'indung
996 3325 1112 3390 der
1182 3328 1407 3391 ersten
1471 3341 1556 3389 zu
1621 3324 1937 3390 suchen’'.
1996 3324 2180 3405 Quod
2248 3342 2347 3390 vs.
2412 3326 2544 3390 620
2606 3325 2677 3391 in

471 3446 879 3512 editionibus
935 3446 1238 3526 iungitur
1298 3462 1454 3510 cum
1514 3446 1788 3510 ambula
1836 3448 1911 3510 in
1956 3447 2069 3511 ius
2115 3463 2353 3512 versus
2399 3462 2678 3529 sequen·

473 3567 582 3649 tie,
623 3567 981 3633 admodum
1027 3568 1416 3647 languidum
1465 3567 1632 3632 mihi
1678 3566 1965 3631 videtur.
2004 3568 2258 3634 Iniuria
2295 3585 2453 3633 vero
2491 3570 2671 3635 viros

474 3689 702 3755 doctos
739 3690 1023 3756 arbitror
1061 3689 1515 3756 coniecturam
1553 3688 1658 3753 ΡΠ
1695 3704 1847 3753 esse
1884 3689 2247 3772 ampleXOS,
2275 3690 2389 3771 qui
2413 3707 2513 3755 vs.
2538 3690 2673 3755 620

476 3827 591 3890 pro
644 3810 946 3876 codicum
1001 3813 1166 3876 scies
1226 3810 1498 3890 scripsit
1557 3811 1707 3874 scis.
1773 3809 1953 3889 Quod
2014 3813 2244 3875 exstat
2287 3810 2359 3874 in
2406 3810 2461 3875 B
2507 3815 2669 3877 ante

471 3933 945 3999 correctionem
999 3935 1194 4009 scias,
1260 3949 1494 3998 verum
1554 3948 1704 3997 esse
1750 3934 1932 4013 puto,
1980 3932 2078 3996 ita
2123 3933 2203 3996 ut
2250 3931 2426 3997 dicat
2473 3932 2672 3999 Phae-

469 4054 777 4121 dromust

651 4176 863 4257 Quam
919 4156 1054 4258 ego'
1086 4177 1440 4259 pecuniam
1484 4174 1982 4258 quadruplicem
2028 4175 2147 4240 abs
2192 4176 2263 4239 te
2320 4177 2389 4239 et
2433 4175 2667 4241 lenone

2228 4295 2572 4379 [auferam‚

646 4421 768 4500 Qui
815 4422 990 4486 scias
1038 4420 1313 4485 mercari
1362 4419 1652 4483 furtivas
1697 4422 1901 4497 atque
1940 4416 2269 4495 ingenuas
2304 4417 2613 4495 virgines.
