3459 5300
1559 571 1686 636 139

524 751 979 818 Phaedromus
1025 768 1255 818 secum
1302 752 1597 834 loquens,
1646 769 1777 818 non
1820 753 2229 834 respondens
2266 752 2571 819 Planesio
2610 752 2727 820 fin-

521 873 778 951 gendus
838 875 964 939 est.
1028 873 1219 940 Tales
1279 872 1560 940 facetiae
1619 873 2013 939 inseruntur
2072 863 2483 956 spectatores
2528 875 2727 942 delec-

523 993 713 1059 tandi
774 1011 995 1060 causa.
1061 994 1160 1060 Of.
1223 995 1413 1060 Truc.
1481 995 1612 1061 375
1667 1011 1791 1076 sq„
1839 994 1955 1060 ubi
2000 997 2281 1078 amator,
2331 1012 2487 1061 cum
2531 995 2727 1078 paulo

521 1117 704 1190 ante,
755 1132 934 1181 nunc
991 1115 1152 1182 dum
1197 1116 1263 1181 id
1305 1116 1508 1182 habet
1545 1115 1717 1197 quod
1758 1118 2110 1198 tantopere
2149 1116 2497 1200 expetivit,
2547 1134 2725 1200 prae-

519 1235 844 1302 dicaverit
889 1253 1051 1302 suas
1097 1237 1407 1304 fortunas
1449 1241 1791 1320 praestare
1836 1237 2126 1302 fortunis
2172 1238 2353 1303 Iovis
2400 1236 2531 1320 (vs.
2572 1238 2723 1320 372,

522 1355 652 1420 vid.
714 1357 924 1423 etiam
987 1375 1092 1424 vs.
1151 1357 1280 1422 344
1331 1357 1526 1442 sqq.)‚
1574 1359 1672 1425 sic
1717 1358 2044 1440 loquitur:
2101 1357 2421 1444 „Utinam
2468 1376 2510 1424 a
2552 1359 2725 1441 prin·

519 1476 687 1558 cipio
739 1477 836 1543 rei
879 1477 1046 1544 item
1094 1479 1424 1560 parsisses
1496 1496 1683 1546 meae
1744 1479 1841 1544 Ut
1888 1497 2069 1545 nunc
2115 1479 2404 1562 reparcis
2449 1479 2722 1545 saviis”.

609 1599 729 1664 Vs.
795 1600 926 1665 602
989 1603 1142 1682 post
1202 1603 1274 1666 at
1331 1600 1642 1666 PYLAnns
1703 1600 1945 1666 inserit
1997 1602 2130 1684 pol,
2195 1600 2451 1666 Ussmo
2495 1602 2724 1683 prius,

523 1718 655 1786 Lno
718 1721 970 1802 cogitat
1028 1722 1108 1787 de
1167 1723 1322 1788 olim
1382 1723 1638 1789 inserto
1699 1725 1852 1804 post
1909 1723 2261 1803 yestitaviu
2319 1738 2439 1804 ego
2501 1721 2726 1804 potius

517 1839 983 1907 Curculionem
1023 1844 1369 1923 rogantem
1409 1842 1606 1909 facio:
1656 1845 1856 1928 „tuus
1872 1841 1950 1907 ’δ”
1992 1841 2100 1925 (cf.
2147 1859 2248 1907 vs.
2294 1839 2451 1924 582)
2479 1845 2549 1906 et
2574 1844 2723 1906 tum

516 1966 935 2044 pergentem:
999 1966 1110 2050 „at
1158 1981 1308 2030 mea
1355 1963 1787 2030 matertera.”

607 2084 725 2149 Vs.
789 2083 921 2149 603
982 2100 1070 2150 ex
1132 2087 1442 2166 corrupto
1488 2087 1636 2150 uois
1683 2084 2047 2150 Gauranos
2094 2083 2252 2150 fecit
2299 2091 2446 2148 tuos
2489 2087 2563 2148 et
2608 2083 2727 2150 tibi

517 2205 816 2271 mutavit
877 2206 947 2271 in
1009 2206 1198 2282 mihi,
1260 2222 1430 2287 quae
1485 2206 1733 2286 recepit
1780 2205 2021 2287 Gon‘rz,
2069 2221 2191 2286 ego
2238 2221 2397 2270 vero
2444 2205 2724 2272 minime

515 2328 720 2396 istam
785 2329 984 2410 probo
1044 2329 1396 2397 rationem.
1459 2329 1529 2394 Si
1591 2329 1894 2395 Curculio
1954 2329 2238 2395 diceret:
2294 2332 2524 2414 „pater
2568 2332 2722 2394 tuos

516 2466 783 2516 rursum
824 2450 1056 2528 mihi‚''
1097 2468 1230 2517 non
1261 2451 1690 2532 responderet
1715 2450 2133 2516 Planesium:
2168 2466 2421 2536 „nugas
2443 2450 2722 2532 garris,”

515 2572 630 2638 sed
669 2571 1112 2653 interrogaret
1150 2573 1525 2655 parasitum
1559 2573 1640 2638 de
1665 2575 1875 2655 patre.
1902 2573 2159 2639 Ussme
2181 2572 2416 2638 scribit
2433 2590 2459 2636 :-
2482 2572 2722 2659 „Pater

513 2712 666 2776 erqo
711 2696 925 2776 ἐρέτην
970 2712 1122 2761 sum
1163 2694 1353 2771 tibi‚”
1393 2695 1512 2761 sed
1553 2711 1637 2760 ne
1677 2695 1799 2762 hoc
1838 2695 2107 2777 quidem
2146 2699 2387 2778 aptum
2424 2697 2531 2761 est
2570 2697 2723 2775 post

513 2816 798 2883 Planesii
846 2818 1083 2883 verba:
1133 2818 1388 2902 „mater
1426 2817 1486 2883 ei
1527 2817 1855 2883 utendum
1896 2817 2234 2894 dederat,''
2274 2816 2525 2882 rectius
2555 2814 2719 2893 lege-

511 2941 698 3003 retur
757 2941 915 3019 post
975 2939 1210 3004 verba:
1285 2941 1515 3024 „pater
1574 2938 1790 3003 istum
1854 2954 2045 3004 meus
2106 2936 2523 3018 gestitavit.”
2588 2934 2720 3005 Lno

513 3061 730 3125 nescit
767 3077 854 3127 an
896 3061 1058 3125 haec
1093 3060 1320 3126 omnia
1353 3058 1771 3126 Curculionis
1795 3061 1967 3125 sint:
2000 3060 2138 3146 „At
2162 3076 2311 3127 mea
2334 3063 2716 3143 matertera,

511 3183 732 3246 mater
790 3180 851 3246 ei
914 3180 1242 3247 utendum
1302 3181 1590 3261 dederat,
1654 3183 1930 3263 patruos
1994 3181 2139 3247 eius
2200 3196 2471 3246 rursum
2526 3181 2718 3257 sibi‚''

511 3303 682 3384 quod
743 3318 853 3369 me
915 3301 1184 3383 quidem
1244 3319 1377 3369 non
1435 3301 1800 3381 intelligere
1845 3302 2077 3369 fateor.
2128 3300 2264 3383 Ego
2312 3302 2530 3368 solum
2574 3305 2722 3369 uois

511 3427 898 3505 corruptum
958 3440 1107 3489 esse
1162 3440 1400 3490 censeo
1447 3440 1533 3489 ex
1578 3425 1746 3499 tuos,
1796 3426 1867 3489 et
1913 3422 2503 3503 interrogationem
2549 3424 2719 3490 hanc

511 3561 659 3611 esse
695 3545 1017 3611 arbitror:
1052 3544 1358 3611 deridens
1397 3547 1589 3625 rogat
1629 3543 1969 3610 Curculio:
2016 3548 2245 3627 „pater
2268 3546 2424 3611 tuos
2448 3562 2719 3611 rursum

510 3666 723 3731 tibi?”
772 3666 1152 3732 Planesium
1199 3669 1431 3732 autem
1478 3669 1657 3732 recte
1705 3666 2102 3748 respondere
2148 3668 2409 3747 potest:
2465 3682 2720 3751 „nugas

509 3787 803 3869 garris;''
849 3806 1009 3854 nam
1046 3789 1367 3853 nimirum
1407 3804 1626 3867 nugae
1665 3791 1829 3853 sunt
1855 3787 2109 3869 opinari
2132 3790 2394 3868 patrem
2418 3786 2715 3871 anulum,

508 3908 622 3991 qui
687 3909 860 3976 virili
906 3912 1108 3991 aptus
1153 3911 1299 3976 erat
1345 3908 1570 3992 digito,
1623 3908 1950 3975 utendum
2000 3908 2261 3975 dedisse
2306 3907 2481 3975 filiae
2526 3908 2718 3992 eique

511 4046 759 4113 parvae
804 4031 1079 4112 puellae.

597 4152 715 4217 Vs.
751 4151 884 4216 605
919 4153 1156 4218 verba:
1190 4151 1385 4237 „quid
1413 4168 1590 4217 nunc
1606 4151 1704 4235 ?'',
1740 4167 1913 4232 quae
1935 4151 2085 4217 libri
2109 4154 2291 4217 recte
2313 4151 2717 4218 continuant

509 4272 905 4348 Curculioni,
948 4274 1265 4353 Rmsuox,
1307 4290 1510 4355 quem
1549 4276 1823 4338 secutus
1863 4276 1973 4338 est
2002 4273 2159 4356 Lao,
2185 4274 2369 4338 dedit
2391 4273 2716 4341 Planesio·

507 4393 813 4476 Explicat
859 4393 964 4458 vir
1000 4394 1236 4460 doctus
1275 4394 1415 4458 vim
1457 4394 1795 4459 enuntiati
1836 4394 2001 4476 quid
2038 4396 2269 4460 nunc?
2309 4395 2470 4479 (vid.
2512 4413 2717 4477 supra
