<?xml version="1.0" encoding="UTF-8"?>
<!DOCTYPE html PUBLIC "-//W3C//DTD XHTML 1.0 Transitional//EN"
    "http://www.w3.org/TR/xhtml1/DTD/xhtml1-transitional.dtd">
<html xmlns="http://www.w3.org/1999/xhtml" xml:lang="en" lang="en">
 <head>
  <title>
</title>
<meta http-equiv="Content-Type" content="text/html;charset=utf-8" />
  <meta name='ocr-system' content='tesseract 3.04.00' />
  <meta name='ocr-capabilities' content='ocr_page ocr_carea ocr_par ocr_line ocrx_word'/>
</head>
<body>
  <div class='ocr_page' id='page_1' title='image "./deplauticurculi00bossgoog_0099.png"; bbox 0 0 3459 5300; ppageno 0'>
   <div class='ocr_carea' id='block_1_1' title="bbox 1573 586 1659 651">
    <p class='ocr_par' dir='ltr' id='par_1_1' title="bbox 1573 586 1659 651">
     <span class='ocr_line' id='line_1_1' title="bbox 1573 586 1659 651; baseline 0 0"><span class='ocrx_word' id='word_1_1' title='bbox 1573 586 1659 651; x_wconf 89' lang='grc'>87</span> 
     </span>
    </p>
   </div>
   <div class='ocr_carea' id='block_1_2' title="bbox 521 763 2807 4257">
    <p class='ocr_par' dir='ltr' id='par_1_2' title="bbox 524 763 2728 974">
     <span class='ocr_line' id='line_1_2' title="bbox 527 763 2728 853; baseline -0.002 -18"><span class='ocrx_word' id='word_1_2' title='bbox 527 787 648 837; x_wconf 88' lang='lat' dir='ltr'>cur</span> <span class='ocrx_word' id='word_1_3' title='bbox 708 770 748 836; x_wconf 88' lang='lat' dir='ltr'><strong>J</strong></span> <span class='ocrx_word' id='word_1_4' title='bbox 751 786 974 835; x_wconf 70' lang='lat' dir='ltr'>oanAn</span> <span class='ocrx_word' id='word_1_5' title='bbox 1001 765 1055 853; x_wconf 77' lang='grc' dir='ltr'>ι)</span> <span class='ocrx_word' id='word_1_6' title='bbox 1113 768 1195 833; x_wconf 91' lang='lat' dir='ltr'>ad</span> <span class='ocrx_word' id='word_1_7' title='bbox 1261 767 1672 834; x_wconf 84' lang='lat' dir='ltr'>Curculionis</span> <span class='ocrx_word' id='word_1_8' title='bbox 1735 782 2007 832; x_wconf 84' lang='lat' dir='ltr'>versum</span> <span class='ocrx_word' id='word_1_9' title='bbox 2067 763 2283 832; x_wconf 86' lang='lat' dir='ltr'>facere</span> <span class='ocrx_word' id='word_1_10' title='bbox 2327 767 2543 850; x_wconf 87' lang='lat' dir='ltr'>neget,</span> <span class='ocrx_word' id='word_1_11' title='bbox 2594 782 2728 831; x_wconf 92' lang='lat' dir='ltr'>non</span> 
     </span>
     <span class='ocr_line' id='line_1_3' title="bbox 524 891 820 974; baseline -0.014 -16"><span class='ocrx_word' id='word_1_12' title='bbox 524 891 820 974; x_wconf 83' lang='lat' dir='ltr'>dispicio.</span> 
     </span>
    </p>

    <p class='ocr_par' dir='ltr' id='par_1_3' title="bbox 526 1007 2735 1442">
     <span class='ocr_line' id='line_1_4' title="bbox 619 1007 2732 1095; baseline -0.003 -17"><span class='ocrx_word' id='word_1_13' title='bbox 619 1013 847 1094; x_wconf 86' lang='lat' dir='ltr'>Pergit</span> <span class='ocrx_word' id='word_1_14' title='bbox 911 1015 1110 1095; x_wconf 82' lang='lat' dir='ltr'>poeta</span> <span class='ocrx_word' id='word_1_15' title='bbox 1171 1029 1212 1076; x_wconf 92' lang='lat' dir='ltr'>a</span> <span class='ocrx_word' id='word_1_16' title='bbox 1257 1027 1525 1076; x_wconf 92' lang='lat' dir='ltr'>summo</span> <span class='ocrx_word' id='word_1_17' title='bbox 1570 1009 1710 1076; x_wconf 85' lang='lat' dir='ltr'>foro</span> <span class='ocrx_word' id='word_1_18' title='bbox 1752 1009 1836 1075; x_wconf 88' lang='lat' dir='ltr'>ad</span> <span class='ocrx_word' id='word_1_19' title='bbox 1883 1009 2198 1075; x_wconf 82' lang='lat' dir='ltr'>tabernas</span> <span class='ocrx_word' id='word_1_20' title='bbox 2246 1007 2550 1083; x_wconf 86' lang='lat' dir='ltr'>Veteres,</span> <span class='ocrx_word' id='word_1_21' title='bbox 2596 1007 2732 1089; x_wconf 90' lang='lat' dir='ltr'>qui·</span> 
     </span>
     <span class='ocr_line' id='line_1_5' title="bbox 529 1128 2735 1215; baseline -0.001 -17"><span class='ocrx_word' id='word_1_22' title='bbox 529 1135 656 1199; x_wconf 91' lang='lat' dir='ltr'>bus</span> <span class='ocrx_word' id='word_1_23' title='bbox 719 1131 1100 1215; x_wconf 87' lang='lat' dir='ltr'>praeteritis</span> <span class='ocrx_word' id='word_1_24' title='bbox 1161 1132 1383 1198; x_wconf 90' lang='lat' dir='ltr'>oculos</span> <span class='ocrx_word' id='word_1_25' title='bbox 1443 1131 1687 1197; x_wconf 90' lang='lat' dir='ltr'>conicit</span> <span class='ocrx_word' id='word_1_26' title='bbox 1747 1129 1903 1196; x_wconf 90' lang='lat' dir='ltr'>inde</span> <span class='ocrx_word' id='word_1_27' title='bbox 1962 1147 2003 1195; x_wconf 92' lang='lat' dir='ltr'>a</span> <span class='ocrx_word' id='word_1_28' title='bbox 2048 1129 2187 1195; x_wconf 85' lang='lat' dir='ltr'>foro</span> <span class='ocrx_word' id='word_1_29' title='bbox 2235 1128 2421 1211; x_wconf 91' lang='lat' dir='ltr'>(nam</span> <span class='ocrx_word' id='word_1_30' title='bbox 2468 1128 2735 1195; x_wconf 88' lang='lat' dir='ltr'>videtur</span> 
     </span>
     <span class='ocr_line' id='line_1_6' title="bbox 526 1250 2733 1342; baseline -0.002 -22"><span class='ocrx_word' id='word_1_31' title='bbox 526 1255 751 1320; x_wconf 87' lang='lat' dir='ltr'>forum</span> <span class='ocrx_word' id='word_1_32' title='bbox 803 1272 939 1320; x_wconf 94' lang='lat' dir='ltr'>non</span> <span class='ocrx_word' id='word_1_33' title='bbox 987 1252 1400 1342; x_wconf 45' lang='lat' dir='ltr'>relinquere),</span> <span class='ocrx_word' id='word_1_34' title='bbox 1429 1268 1599 1334; x_wconf 87' lang='lat' dir='ltr'>pone</span> <span class='ocrx_word' id='word_1_35' title='bbox 1643 1252 1880 1318; x_wconf 88' lang='lat' dir='ltr'>aedem</span> <span class='ocrx_word' id='word_1_36' title='bbox 1926 1250 2225 1317; x_wconf 84' lang='lat' dir='ltr'>Castoris</span> <span class='ocrx_word' id='word_1_37' title='bbox 2272 1254 2343 1316; x_wconf 90' lang='lat' dir='ltr'>et</span> <span class='ocrx_word' id='word_1_38' title='bbox 2386 1251 2457 1315; x_wconf 89' lang='lat' dir='ltr'>in</span> <span class='ocrx_word' id='word_1_39' title='bbox 2506 1250 2733 1316; x_wconf 89' lang='lat' dir='ltr'>vicum</span> 
     </span>
     <span class='ocr_line' id='line_1_7' title="bbox 533 1377 859 1442; baseline -0.012 0"><span class='ocrx_word' id='word_1_40' title='bbox 533 1377 859 1442; x_wconf 81' lang='lat' dir='ltr'><strong>Tuscum:</strong></span> 
     </span>
    </p>

    <p class='ocr_par' dir='ltr' id='par_1_4' title="bbox 715 1491 2735 1576">
     <span class='ocr_line' id='line_1_8' title="bbox 715 1491 2735 1576; baseline -0.001 -16"><span class='ocrx_word' id='word_1_41' title='bbox 715 1496 793 1561; x_wconf 92' lang='lat' dir='ltr'>In</span> <span class='ocrx_word' id='word_1_42' title='bbox 825 1497 1041 1562; x_wconf 84' lang='lat' dir='ltr'>Tusco</span> <span class='ocrx_word' id='word_1_43' title='bbox 1068 1497 1234 1572; x_wconf 86' lang='lat' dir='ltr'>vice,</span> <span class='ocrx_word' id='word_1_44' title='bbox 1260 1495 1349 1561; x_wconf 93' lang='lat' dir='ltr'>ibi</span> <span class='ocrx_word' id='word_1_45' title='bbox 1375 1498 1539 1561; x_wconf 90' lang='lat' dir='ltr'>sunt</span> <span class='ocrx_word' id='word_1_46' title='bbox 1562 1495 1869 1560; x_wconf 90' lang='lat' dir='ltr'>homines</span> <span class='ocrx_word' id='word_1_47' title='bbox 1892 1494 2009 1575; x_wconf 90' lang='lat' dir='ltr'>qui</span> <span class='ocrx_word' id='word_1_48' title='bbox 2032 1493 2160 1576; x_wconf 89' lang='lat' dir='ltr'>ipsi</span> <span class='ocrx_word' id='word_1_49' title='bbox 2185 1509 2331 1559; x_wconf 89' lang='lat' dir='ltr'>sese</span> <span class='ocrx_word' id='word_1_50' title='bbox 2354 1491 2735 1568; x_wconf 85' lang='lat' dir='ltr'>venditant,</span> 
     </span>
    </p>

    <p class='ocr_par' dir='ltr' id='par_1_5' title="bbox 710 1615 2807 1699">
     <span class='ocr_line' id='line_1_9' title="bbox 710 1615 2807 1699; baseline -0 -16"><span class='ocrx_word' id='word_1_51' title='bbox 710 1619 789 1683; x_wconf 94' lang='lat' dir='ltr'>In</span> <span class='ocrx_word' id='word_1_52' title='bbox 839 1618 1124 1684; x_wconf 92' lang='lat' dir='ltr'>Velabro</span> <span class='ocrx_word' id='word_1_53' title='bbox 1173 1617 1279 1683; x_wconf 90' lang='lat' dir='ltr'>vel</span> <span class='ocrx_word' id='word_1_54' title='bbox 1319 1617 1641 1699; x_wconf 88' lang='lat' dir='ltr'>pistorem</span> <span class='ocrx_word' id='word_1_55' title='bbox 1682 1618 1790 1682; x_wconf 86' lang='lat' dir='ltr'>vel</span> <span class='ocrx_word' id='word_1_56' title='bbox 1827 1617 2085 1683; x_wconf 88' lang='lat' dir='ltr'>lanium</span> <span class='ocrx_word' id='word_1_57' title='bbox 2124 1615 2229 1682; x_wconf 88' lang='lat' dir='ltr'>vel</span> <span class='ocrx_word' id='word_1_58' title='bbox 2268 1615 2692 1697; x_wconf 80' lang='lat' dir='ltr'>haruspicem</span> <span class='ocrx_word' id='word_1_59' title='bbox 2802 1661 2807 1666; x_wconf 79' lang='lat'><strong>·</strong></span> 
     </span>
    </p>

    <p class='ocr_par' dir='ltr' id='par_1_6' title="bbox 538 1737 2736 1944">
     <span class='ocr_line' id='line_1_10' title="bbox 713 1737 2736 1822; baseline -0.002 -16"><span class='ocrx_word' id='word_1_60' title='bbox 713 1739 838 1806; x_wconf 91' lang='lat' dir='ltr'>Vel</span> <span class='ocrx_word' id='word_1_61' title='bbox 862 1739 975 1822; x_wconf 91' lang='lat' dir='ltr'>qui</span> <span class='ocrx_word' id='word_1_62' title='bbox 1000 1738 1132 1820; x_wconf 92' lang='lat' dir='ltr'>ipsi</span> <span class='ocrx_word' id='word_1_63' title='bbox 1153 1742 1433 1804; x_wconf 88' lang='lat' dir='ltr'>vortant</span> <span class='ocrx_word' id='word_1_64' title='bbox 1459 1738 1565 1804; x_wconf 88' lang='lat' dir='ltr'>vel</span> <span class='ocrx_word' id='word_1_65' title='bbox 1582 1739 1697 1821; x_wconf 91' lang='lat' dir='ltr'>qui</span> <span class='ocrx_word' id='word_1_66' title='bbox 1713 1737 1863 1805; x_wconf 87' lang='lat' dir='ltr'>aliis</span> <span class='ocrx_word' id='word_1_67' title='bbox 1878 1741 1959 1804; x_wconf 93' lang='lat' dir='ltr'>ut</span> <span class='ocrx_word' id='word_1_68' title='bbox 1977 1741 2337 1804; x_wconf 86' lang='lat' dir='ltr'>vorsentur</span> <span class='ocrx_word' id='word_1_69' title='bbox 2351 1737 2736 1819; x_wconf 86' lang='lat' dir='ltr'>praebeant.</span> 
     </span>
     <span class='ocr_line' id='line_1_11' title="bbox 538 1860 2644 1944; baseline 0 -18"><span class='ocrx_word' id='word_1_70' title='bbox 538 1861 671 1928; x_wconf 87' lang='lat'>485</span> <span class='ocrx_word' id='word_1_71' title='bbox 717 1861 894 1928; x_wconf 91' lang='lat' dir='ltr'>Ditis</span> <span class='ocrx_word' id='word_1_72' title='bbox 939 1862 1301 1927; x_wconf 87' lang='lat' dir='ltr'>damnosos</span> <span class='ocrx_word' id='word_1_73' title='bbox 1347 1861 1628 1928; x_wconf 89' lang='lat' dir='ltr'>maritos</span> <span class='ocrx_word' id='word_1_74' title='bbox 1671 1861 1848 1944; x_wconf 92' lang='lat' dir='ltr'>apud</span> <span class='ocrx_word' id='word_1_75' title='bbox 1894 1860 2295 1927; x_wconf 83' lang='lat' dir='ltr'>Leucadiam</span> <span class='ocrx_word' id='word_1_76' title='bbox 2343 1860 2644 1942; x_wconf 88' lang='lat' dir='ltr'>Oppiam.</span> 
     </span>
    </p>

    <p class='ocr_par' dir='ltr' id='par_1_7' title="bbox 521 1977 2740 4009">
     <span class='ocr_line' id='line_1_12' title="bbox 619 1977 2737 2068; baseline -0 -20"><span class='ocrx_word' id='word_1_77' title='bbox 619 1983 804 2048; x_wconf 89' lang='lat' dir='ltr'>Duos</span> <span class='ocrx_word' id='word_1_78' title='bbox 849 1982 956 2048; x_wconf 89' lang='lat' dir='ltr'>hic</span> <span class='ocrx_word' id='word_1_79' title='bbox 1003 1983 1335 2049; x_wconf 90' lang='lat' dir='ltr'>habemus</span> <span class='ocrx_word' id='word_1_80' title='bbox 1381 1999 1640 2065; x_wconf 77' lang='lat' dir='ltr'>versuS,</span> <span class='ocrx_word' id='word_1_81' title='bbox 1690 1977 1823 2048; x_wconf 88' lang='lat'>483</span> <span class='ocrx_word' id='word_1_82' title='bbox 1872 1986 1943 2048; x_wconf 90' lang='lat' dir='ltr'>et</span> <span class='ocrx_word' id='word_1_83' title='bbox 1991 1984 2143 2064; x_wconf 88' lang='lat'>485,</span> <span class='ocrx_word' id='word_1_84' title='bbox 2192 1983 2309 2063; x_wconf 90' lang='lat' dir='ltr'>qui</span> <span class='ocrx_word' id='word_1_85' title='bbox 2356 1981 2737 2068; x_wconf 76' lang='lat' dir='ltr'>„construi”</span> 
     </span>
     <span class='ocr_line' id='line_1_13' title="bbox 529 2103 2740 2187; baseline 0 -18"><span class='ocrx_word' id='word_1_86' title='bbox 529 2105 702 2186; x_wconf 90' lang='lat' dir='ltr'>quod</span> <span class='ocrx_word' id='word_1_87' title='bbox 749 2104 944 2169; x_wconf 91' lang='lat' dir='ltr'>aiunt</span> <span class='ocrx_word' id='word_1_88' title='bbox 992 2108 1375 2187; x_wconf 82' lang='lat' dir='ltr'>nequeunt3</span> <span class='ocrx_word' id='word_1_89' title='bbox 1436 2104 1747 2170; x_wconf 81' lang='lat' dir='ltr'>neutrius</span> <span class='ocrx_word' id='word_1_90' title='bbox 1814 2104 2185 2171; x_wconf 88' lang='lat' dir='ltr'>accusativi</span> <span class='ocrx_word' id='word_1_91' title='bbox 2246 2103 2499 2170; x_wconf 87' lang='lat' dir='ltr'>habent</span> <span class='ocrx_word' id='word_1_92' title='bbox 2564 2103 2740 2169; x_wconf 93' lang='lat' dir='ltr'>unde</span> 
     </span>
     <span class='ocr_line' id='line_1_14' title="bbox 528 2225 2730 2308; baseline -0 -17"><span class='ocrx_word' id='word_1_93' title='bbox 528 2226 885 2307; x_wconf 78' lang='lat' dir='ltr'>pendeant.</span> <span class='ocrx_word' id='word_1_94' title='bbox 949 2226 1142 2291; x_wconf 90' lang='lat' dir='ltr'>Alter</span> <span class='ocrx_word' id='word_1_95' title='bbox 1203 2227 1481 2308; x_wconf 87' lang='lat' dir='ltr'>insuper</span> <span class='ocrx_word' id='word_1_96' title='bbox 1539 2229 1812 2292; x_wconf 90' lang='lat' dir='ltr'>tantam</span> <span class='ocrx_word' id='word_1_97' title='bbox 1863 2225 2065 2291; x_wconf 89' lang='lat' dir='ltr'>habet</span> <span class='ocrx_word' id='word_1_98' title='bbox 2112 2242 2266 2291; x_wconf 92' lang='lat' dir='ltr'>cum</span> <span class='ocrx_word' id='word_1_99' title='bbox 2313 2243 2416 2290; x_wconf 89' lang='lat' dir='ltr'>vs.</span> <span class='ocrx_word' id='word_1_100' title='bbox 2468 2225 2596 2291; x_wconf 85' lang='lat'>472</span> <span class='ocrx_word' id='word_1_101' title='bbox 2644 2226 2730 2291; x_wconf 88' lang='lat' dir='ltr'>si-</span> 
     </span>
     <span class='ocr_line' id='line_1_15' title="bbox 529 2346 2730 2432; baseline 0.001 -20"><span class='ocrx_word' id='word_1_102' title='bbox 529 2346 996 2432; x_wconf 91' lang='lat' dir='ltr'>militudinem,</span> <span class='ocrx_word' id='word_1_103' title='bbox 1047 2351 1130 2414; x_wconf 93' lang='lat' dir='ltr'>ut</span> <span class='ocrx_word' id='word_1_104' title='bbox 1173 2351 1538 2431; x_wconf 88' lang='lat' dir='ltr'>utrumque</span> <span class='ocrx_word' id='word_1_105' title='bbox 1587 2349 1845 2414; x_wconf 87' lang='lat' dir='ltr'>servari</span> <span class='ocrx_word' id='word_1_106' title='bbox 1891 2365 2023 2414; x_wconf 90' lang='lat' dir='ltr'>non</span> <span class='ocrx_word' id='word_1_107' title='bbox 2071 2365 2266 2430; x_wconf 87' lang='lat' dir='ltr'>posse</span> <span class='ocrx_word' id='word_1_108' title='bbox 2290 2348 2730 2414; x_wconf 87' lang='lat' dir='ltr'>manifestum</span> 
     </span>
     <span class='ocr_line' id='line_1_16' title="bbox 530 2466 2721 2550; baseline 0.001 -18"><span class='ocrx_word' id='word_1_109' title='bbox 530 2467 654 2548; x_wconf 90' lang='lat' dir='ltr'>sit;</span> <span class='ocrx_word' id='word_1_110' title='bbox 704 2466 872 2534; x_wconf 89' lang='lat' dir='ltr'>alter</span> <span class='ocrx_word' id='word_1_111' title='bbox 916 2467 1111 2534; x_wconf 89' lang='lat' dir='ltr'>alteri</span> <span class='ocrx_word' id='word_1_112' title='bbox 1157 2469 1387 2535; x_wconf 86' lang='lat' dir='ltr'>cedere</span> <span class='ocrx_word' id='word_1_113' title='bbox 1431 2469 1647 2536; x_wconf 90' lang='lat' dir='ltr'>debet.</span> <span class='ocrx_word' id='word_1_114' title='bbox 1695 2469 1840 2535; x_wconf 87' lang='lat' dir='ltr'>Iam</span> <span class='ocrx_word' id='word_1_115' title='bbox 1890 2486 2093 2550; x_wconf 89' lang='lat' dir='ltr'>supra</span> <span class='ocrx_word' id='word_1_116' title='bbox 2135 2469 2428 2535; x_wconf 87' lang='lat' dir='ltr'>vidimus</span> <span class='ocrx_word' id='word_1_117' title='bbox 2467 2487 2569 2536; x_wconf 88' lang='lat' dir='ltr'>vs.</span> <span class='ocrx_word' id='word_1_118' title='bbox 2597 2469 2721 2534; x_wconf 89' lang='lat'>471</span> 
     </span>
     <span class='ocr_line' id='line_1_17' title="bbox 527 2589 2726 2672; baseline 0 -17"><span class='ocrx_word' id='word_1_119' title='bbox 527 2590 598 2655; x_wconf 93' lang='lat' dir='ltr'>et</span> <span class='ocrx_word' id='word_1_120' title='bbox 647 2589 777 2658; x_wconf 85' lang='lat'>473</span> <span class='ocrx_word' id='word_1_121' title='bbox 823 2589 1138 2670; x_wconf 85' lang='lat' dir='ltr'>coniungi</span> <span class='ocrx_word' id='word_1_122' title='bbox 1181 2606 1313 2656; x_wconf 92' lang='lat' dir='ltr'>non</span> <span class='ocrx_word' id='word_1_123' title='bbox 1361 2606 1576 2672; x_wconf 89' lang='lat' dir='ltr'>posse.</span> <span class='ocrx_word' id='word_1_124' title='bbox 1626 2589 1700 2656; x_wconf 81' lang='lat' dir='ltr'>si</span> <span class='ocrx_word' id='word_1_125' title='bbox 1746 2593 1979 2657; x_wconf 89' lang='lat' dir='ltr'>autem</span> <span class='ocrx_word' id='word_1_126' title='bbox 2019 2608 2119 2657; x_wconf 80' lang='lat' dir='ltr'>ve.</span> <span class='ocrx_word' id='word_1_127' title='bbox 2163 2589 2295 2657; x_wconf 86' lang='lat'>485</span> <span class='ocrx_word' id='word_1_128' title='bbox 2335 2591 2404 2657; x_wconf 91' lang='lat' dir='ltr'>in</span> <span class='ocrx_word' id='word_1_129' title='bbox 2444 2590 2584 2657; x_wconf 92' lang='lat' dir='ltr'>loco</span> <span class='ocrx_word' id='word_1_130' title='bbox 2622 2607 2726 2657; x_wconf 86' lang='lat' dir='ltr'>vs.</span> 
     </span>
     <span class='ocr_line' id='line_1_18' title="bbox 527 2710 2730 2794; baseline 0 -17"><span class='ocrx_word' id='word_1_131' title='bbox 527 2713 655 2779; x_wconf 81' lang='lat'>472</span> <span class='ocrx_word' id='word_1_132' title='bbox 703 2712 1035 2793; x_wconf 90' lang='lat' dir='ltr'>ponimus,</span> <span class='ocrx_word' id='word_1_133' title='bbox 1083 2712 1258 2794; x_wconf 87' lang='lat' dir='ltr'>apud</span> <span class='ocrx_word' id='word_1_134' title='bbox 1305 2710 1706 2778; x_wconf 87' lang='lat' dir='ltr'>Leucadiam</span> <span class='ocrx_word' id='word_1_135' title='bbox 1746 2713 2027 2794; x_wconf 90' lang='lat' dir='ltr'>Oppiam</span> <span class='ocrx_word' id='word_1_136' title='bbox 2052 2712 2262 2779; x_wconf 91' lang='lat' dir='ltr'>etiam</span> <span class='ocrx_word' id='word_1_137' title='bbox 2286 2716 2489 2778; x_wconf 90' lang='lat' dir='ltr'>erunt</span> <span class='ocrx_word' id='word_1_138' title='bbox 2511 2716 2730 2779; x_wconf 88' lang='lat' dir='ltr'>scorta</span> 
     </span>
     <span class='ocr_line' id='line_1_19' title="bbox 525 2833 2731 2917; baseline 0 -19"><span class='ocrx_word' id='word_1_139' title='bbox 525 2833 787 2899; x_wconf 88' lang='lat' dir='ltr'>exoleta</span> <span class='ocrx_word' id='word_1_140' title='bbox 846 2834 1090 2916; x_wconf 90' lang='lat' dir='ltr'>quique</span> <span class='ocrx_word' id='word_1_141' title='bbox 1143 2834 1451 2915; x_wconf 89' lang='lat' dir='ltr'>stipulari</span> <span class='ocrx_word' id='word_1_142' title='bbox 1498 2834 1738 2901; x_wconf 90' lang='lat' dir='ltr'>solent.</span> <span class='ocrx_word' id='word_1_143' title='bbox 1810 2835 1977 2916; x_wconf 84' lang='lat' dir='ltr'>Quid</span> <span class='ocrx_word' id='word_1_144' title='bbox 2024 2838 2257 2902; x_wconf 90' lang='lat' dir='ltr'>autem</span> <span class='ocrx_word' id='word_1_145' title='bbox 2301 2833 2731 2917; x_wconf 76' lang='lat' dir='ltr'>stipulatores</span> 
     </span>
     <span class='ocr_line' id='line_1_20' title="bbox 523 2955 2726 3036; baseline 0 -17"><span class='ocrx_word' id='word_1_146' title='bbox 523 2955 616 3020; x_wconf 91' lang='lat' dir='ltr'>ibi</span> <span class='ocrx_word' id='word_1_147' title='bbox 681 2956 856 3036; x_wconf 90' lang='lat' dir='ltr'>quod</span> <span class='ocrx_word' id='word_1_148' title='bbox 926 2959 1205 3035; x_wconf 87' lang='lat' dir='ltr'>agerent</span> <span class='ocrx_word' id='word_1_149' title='bbox 1275 2956 1652 3033; x_wconf 87' lang='lat' dir='ltr'>habuerint,</span> <span class='ocrx_word' id='word_1_150' title='bbox 1725 2974 1860 3023; x_wconf 92' lang='lat' dir='ltr'>non</span> <span class='ocrx_word' id='word_1_151' title='bbox 1930 2956 2120 3023; x_wconf 86' lang='lat' dir='ltr'>facile</span> <span class='ocrx_word' id='word_1_152' title='bbox 2187 2960 2295 3023; x_wconf 89' lang='lat' dir='ltr'>est</span> <span class='ocrx_word' id='word_1_153' title='bbox 2362 2955 2726 3022; x_wconf 87' lang='lat' dir='ltr'>intellectu.</span> 
     </span>
     <span class='ocr_line' id='line_1_21' title="bbox 523 3076 2727 3155; baseline 0 -14"><span class='ocrx_word' id='word_1_154' title='bbox 523 3076 877 3143; x_wconf 88' lang='lat' dir='ltr'>Praeterea</span> <span class='ocrx_word' id='word_1_155' title='bbox 922 3077 1165 3143; x_wconf 90' lang='lat' dir='ltr'>ceteris</span> <span class='ocrx_word' id='word_1_156' title='bbox 1210 3077 1412 3144; x_wconf 88' lang='grc'>11111118</span> <span class='ocrx_word' id='word_1_157' title='bbox 1461 3094 1744 3145; x_wconf 86' lang='lat' dir='ltr'>scaenae</span> <span class='ocrx_word' id='word_1_158' title='bbox 1791 3078 2099 3144; x_wconf 88' lang='lat' dir='ltr'>versibus</span> <span class='ocrx_word' id='word_1_159' title='bbox 2121 3078 2244 3144; x_wconf 93' lang='lat' dir='ltr'>loci</span> <span class='ocrx_word' id='word_1_160' title='bbox 2268 3078 2727 3155; x_wconf 88' lang='lat' dir='ltr'>nominantur,</span> 
     </span>
     <span class='ocr_line' id='line_1_22' title="bbox 523 3198 2730 3282; baseline 0.001 -19"><span class='ocrx_word' id='word_1_161' title='bbox 523 3214 658 3263; x_wconf 92' lang='lat' dir='ltr'>non</span> <span class='ocrx_word' id='word_1_162' title='bbox 705 3198 1055 3264; x_wconf 90' lang='lat' dir='ltr'>hominum</span> <span class='ocrx_word' id='word_1_163' title='bbox 1103 3199 1396 3265; x_wconf 91' lang='lat' dir='ltr'>nomina.</span> <span class='ocrx_word' id='word_1_164' title='bbox 1440 3199 1609 3280; x_wconf 84' lang='lat' dir='ltr'>Quid</span> <span class='ocrx_word' id='word_1_165' title='bbox 1646 3203 1879 3265; x_wconf 88' lang='lat' dir='ltr'>autem</span> <span class='ocrx_word' id='word_1_166' title='bbox 1921 3200 2138 3279; x_wconf 85' lang='lat' dir='ltr'>magis</span> <span class='ocrx_word' id='word_1_167' title='bbox 2174 3200 2244 3265; x_wconf 94' lang='lat' dir='ltr'>in</span> <span class='ocrx_word' id='word_1_168' title='bbox 2286 3202 2602 3282; x_wconf 87' lang='lat' dir='ltr'>promptu</span> <span class='ocrx_word' id='word_1_169' title='bbox 2622 3203 2730 3265; x_wconf 89' lang='lat' dir='ltr'>est</span> 
     </span>
     <span class='ocr_line' id='line_1_23' title="bbox 523 3319 2726 3403; baseline 0.001 -19"><span class='ocrx_word' id='word_1_170' title='bbox 523 3337 729 3401; x_wconf 86' lang='lat' dir='ltr'>quam</span> <span class='ocrx_word' id='word_1_171' title='bbox 779 3319 1098 3401; x_wconf 88' lang='lat' dir='ltr'>suspicari</span> <span class='ocrx_word' id='word_1_172' title='bbox 1148 3320 1697 3402; x_wconf 89' lang='lat' dir='ltr'>interpolatorem</span> <span class='ocrx_word' id='word_1_173' title='bbox 1744 3320 2035 3403; x_wconf 85' lang='lat' dir='ltr'>aliquem</span> <span class='ocrx_word' id='word_1_174' title='bbox 2088 3336 2334 3386; x_wconf 90' lang='lat' dir='ltr'>nomen</span> <span class='ocrx_word' id='word_1_175' title='bbox 2380 3320 2726 3387; x_wconf 87' lang='lat' dir='ltr'>cuiusdam</span> 
     </span>
     <span class='ocr_line' id='line_1_24' title="bbox 523 3440 2727 3525; baseline 0 -19"><span class='ocrx_word' id='word_1_176' title='bbox 523 3440 794 3507; x_wconf 85' lang='lat' dir='ltr'>infamis</span> <span class='ocrx_word' id='word_1_177' title='bbox 850 3440 1171 3518; x_wconf 80' lang='grc'>11111116118,</span> <span class='ocrx_word' id='word_1_178' title='bbox 1220 3458 1390 3522; x_wconf 89' lang='lat' dir='ltr'>quae</span> <span class='ocrx_word' id='word_1_179' title='bbox 1435 3459 1558 3508; x_wconf 89' lang='lat' dir='ltr'>suo</span> <span class='ocrx_word' id='word_1_180' title='bbox 1604 3447 1909 3525; x_wconf 88' lang='lat' dir='ltr'>tempore</span> <span class='ocrx_word' id='word_1_181' title='bbox 1954 3442 2151 3522; x_wconf 86' lang='lat' dir='ltr'>vulgo</span> <span class='ocrx_word' id='word_1_182' title='bbox 2199 3446 2360 3509; x_wconf 89' lang='lat' dir='ltr'>nota</span> <span class='ocrx_word' id='word_1_183' title='bbox 2405 3446 2609 3519; x_wconf 91' lang='lat' dir='ltr'>esset,</span> <span class='ocrx_word' id='word_1_184' title='bbox 2654 3442 2727 3507; x_wconf 93' lang='lat' dir='ltr'>in</span> 
     </span>
     <span class='ocr_line' id='line_1_25' title="bbox 525 3562 2727 3643; baseline 0 -14"><span class='ocrx_word' id='word_1_185' title='bbox 525 3578 838 3629; x_wconf 87' lang='lat' dir='ltr'>scaenam</span> <span class='ocrx_word' id='word_1_186' title='bbox 923 3563 1338 3630; x_wconf 83' lang='lat' dir='ltr'>inseruisse?</span> <span class='ocrx_word' id='word_1_187' title='bbox 1428 3562 1654 3631; x_wconf 84' lang='lat' dir='ltr'>Aliam</span> <span class='ocrx_word' id='word_1_188' title='bbox 1730 3581 1890 3630; x_wconf 86' lang='lat' dir='ltr'>vero</span> <span class='ocrx_word' id='word_1_189' title='bbox 1962 3564 2145 3630; x_wconf 86' lang='lat' dir='ltr'>viam</span> <span class='ocrx_word' id='word_1_190' title='bbox 2212 3564 2554 3643; x_wconf 88' lang='lat' dir='ltr'>ingressus</span> <span class='ocrx_word' id='word_1_191' title='bbox 2620 3566 2727 3629; x_wconf 89' lang='lat' dir='ltr'>est</span> 
     </span>
     <span class='ocr_line' id='line_1_26' title="bbox 524 3684 2726 3772; baseline 0 -23"><span class='ocrx_word' id='word_1_192' title='bbox 524 3684 915 3765; x_wconf 74' lang='lat' dir='ltr'>annmon,</span> <span class='ocrx_word' id='word_1_193' title='bbox 965 3684 1096 3766; x_wconf 91' lang='lat' dir='ltr'>qui,</span> <span class='ocrx_word' id='word_1_194' title='bbox 1139 3688 1219 3750; x_wconf 91' lang='lat' dir='ltr'>ut</span> <span class='ocrx_word' id='word_1_195' title='bbox 1250 3684 1734 3772; x_wconf 70' lang='lat' dir='ltr'>vidimus,&#39;,&#39;non</span> <span class='ocrx_word' id='word_1_196' title='bbox 1772 3684 2047 3752; x_wconf 89' lang='lat' dir='ltr'>credens</span> <span class='ocrx_word' id='word_1_197' title='bbox 2085 3686 2224 3751; x_wconf 91' lang='lat' dir='ltr'>iam</span> <span class='ocrx_word' id='word_1_198' title='bbox 2248 3684 2473 3750; x_wconf 91' lang='lat' dir='ltr'>Plauti</span> <span class='ocrx_word' id='word_1_199' title='bbox 2502 3689 2726 3753; x_wconf 89' lang='lat' dir='ltr'>aetate</span> 
     </span>
     <span class='ocr_line' id='line_1_27' title="bbox 522 3806 2727 3890; baseline 0 -18"><span class='ocrx_word' id='word_1_200' title='bbox 522 3806 864 3872; x_wconf 87' lang='lat' dir='ltr'>basilicam</span> <span class='ocrx_word' id='word_1_201' title='bbox 907 3806 1116 3873; x_wconf 80' lang='lat' dir='ltr'>fuisse</span> <span class='ocrx_word' id='word_1_202' title='bbox 1161 3812 1232 3874; x_wconf 91' lang='lat' dir='ltr'>et</span> <span class='ocrx_word' id='word_1_203' title='bbox 1271 3811 1464 3875; x_wconf 90' lang='lat' dir='ltr'>ratus</span> <span class='ocrx_word' id='word_1_204' title='bbox 1504 3825 1608 3875; x_wconf 88' lang='lat' dir='ltr'>vs.</span> <span class='ocrx_word' id='word_1_205' title='bbox 1636 3809 1767 3876; x_wconf 88' lang='lat'>473</span> <span class='ocrx_word' id='word_1_206' title='bbox 1810 3809 2037 3874; x_wconf 90' lang='lat' dir='ltr'>versui</span> <span class='ocrx_word' id='word_1_207' title='bbox 2061 3808 2186 3873; x_wconf 88' lang='grc'>471</span> <span class='ocrx_word' id='word_1_208' title='bbox 2230 3807 2495 3873; x_wconf 90' lang='lat' dir='ltr'>adnecti</span> <span class='ocrx_word' id='word_1_209' title='bbox 2533 3824 2727 3890; x_wconf 90' lang='lat' dir='ltr'>posse</span> 
     </span>
     <span class='ocr_line' id='line_1_28' title="bbox 521 3926 2361 4009; baseline -0.001 -14"><span class='ocrx_word' id='word_1_210' title='bbox 521 3945 624 3995; x_wconf 87' lang='lat' dir='ltr'>vs.</span> <span class='ocrx_word' id='word_1_211' title='bbox 674 3926 804 3991; x_wconf 82' lang='lat'>472</span> <span class='ocrx_word' id='word_1_212' title='bbox 852 3928 1068 3994; x_wconf 88' lang='grc'>616611.</span> <span class='ocrx_word' id='word_1_213' title='bbox 1118 3930 1291 3995; x_wconf 85' lang='lat' dir='ltr'>Tum</span> <span class='ocrx_word' id='word_1_214' title='bbox 1337 3948 1620 3997; x_wconf 89' lang='lat' dir='ltr'>scaenae</span> <span class='ocrx_word' id='word_1_215' title='bbox 1665 3931 1868 3997; x_wconf 87' lang='lat' dir='ltr'>finem</span> <span class='ocrx_word' id='word_1_216' title='bbox 1918 3932 2012 3996; x_wconf 90' lang='grc'>816</span> <span class='ocrx_word' id='word_1_217' title='bbox 2063 3930 2361 4009; x_wconf 86' lang='lat' dir='ltr'>refingit:</span> 
     </span>
    </p>

    <p class='ocr_par' dir='ltr' id='par_1_8' title="bbox 700 4050 2725 4257">
     <span class='ocr_line' id='line_1_29' title="bbox 700 4050 2723 4135; baseline 0.001 -20"><span class='ocrx_word' id='word_1_218' title='bbox 700 4050 781 4115; x_wconf 88' lang='lat' dir='ltr'>In</span> <span class='ocrx_word' id='word_1_219' title='bbox 821 4051 1034 4117; x_wconf 80' lang='lat' dir='ltr'>Tusco</span> <span class='ocrx_word' id='word_1_220' title='bbox 1075 4052 1222 4118; x_wconf 89' lang='lat' dir='ltr'>vico</span> <span class='ocrx_word' id='word_1_221' title='bbox 1252 4053 1346 4118; x_wconf 91' lang='lat' dir='ltr'>ibi</span> <span class='ocrx_word' id='word_1_222' title='bbox 1370 4058 1533 4119; x_wconf 90' lang='lat' dir='ltr'>sunt</span> <span class='ocrx_word' id='word_1_223' title='bbox 1557 4052 1864 4119; x_wconf 87' lang='lat' dir='ltr'>homines</span> <span class='ocrx_word' id='word_1_224' title='bbox 1885 4052 2000 4135; x_wconf 85' lang='lat' dir='ltr'>qui</span> <span class='ocrx_word' id='word_1_225' title='bbox 2023 4053 2152 4135; x_wconf 90' lang='lat' dir='ltr'>ipsi</span> <span class='ocrx_word' id='word_1_226' title='bbox 2175 4069 2323 4118; x_wconf 88' lang='lat' dir='ltr'>sese</span> <span class='ocrx_word' id='word_1_227' title='bbox 2348 4051 2723 4118; x_wconf 87' lang='lat' dir='ltr'>venditant.</span> 
     </span>
     <span class='ocr_line' id='line_1_30' title="bbox 702 4171 2725 4257; baseline 0 -19"><span class='ocrx_word' id='word_1_228' title='bbox 702 4171 881 4238; x_wconf 90' lang='lat' dir='ltr'>Ditis</span> <span class='ocrx_word' id='word_1_229' title='bbox 922 4174 1288 4241; x_wconf 90' lang='lat' dir='ltr'>damnosos</span> <span class='ocrx_word' id='word_1_230' title='bbox 1319 4176 1599 4241; x_wconf 89' lang='lat' dir='ltr'>maritos</span> <span class='ocrx_word' id='word_1_231' title='bbox 1620 4175 1796 4257; x_wconf 90' lang='lat' dir='ltr'>apud</span> <span class='ocrx_word' id='word_1_232' title='bbox 1835 4174 2235 4241; x_wconf 87' lang='lat' dir='ltr'>Leucadiam</span> <span class='ocrx_word' id='word_1_233' title='bbox 2264 4173 2725 4257; x_wconf 89' lang='lat' dir='ltr'>&lt;quaerito&gt;,</span> 
     </span>
    </p>
   </div>
   <div class='ocr_carea' id='block_1_3' title="bbox 533 4329 912 4341">
    <p class='ocr_par' dir='ltr' id='par_1_9' title="bbox 533 4329 912 4341">
     <span class='ocr_line' id='line_1_31' title="bbox 533 4329 912 4341; baseline 0 959"><span class='ocrx_word' id='word_1_234' title='bbox 533 4329 912 4341; x_wconf 95' lang='lat' dir='ltr'> </span> 
     </span>
    </p>
   </div>
   <div class='ocr_carea' id='block_1_4' title="bbox 592 4444 1039 4519">
    <p class='ocr_par' dir='ltr' id='par_1_10' title="bbox 592 4444 1039 4519">
     <span class='ocr_line' id='line_1_32' title="bbox 592 4444 1039 4519; baseline 0.004 -20"><span class='ocrx_word' id='word_1_235' title='bbox 592 4447 648 4515; x_wconf 87' lang='lat'>1)</span> <span class='ocrx_word' id='word_1_236' title='bbox 687 4445 720 4501; x_wconf 87' lang='lat' dir='ltr'>l.</span> <span class='ocrx_word' id='word_1_237' title='bbox 755 4444 790 4498; x_wconf 90' lang='lat' dir='ltr'>l.</span> <span class='ocrx_word' id='word_1_238' title='bbox 830 4463 880 4519; x_wconf 90' lang='lat' dir='ltr'>p.</span> <span class='ocrx_word' id='word_1_239' title='bbox 919 4445 1039 4501; x_wconf 87' lang='lat'>130.</span> 
     </span>
    </p>
   </div>
  </div>
 </body>
</html>
