3459 5300
1799 577 1926 642 102

855 761 1036 844 Quod
1099 777 1338 826 scaena
1382 763 1612 826 nostra
1661 761 1729 826 in
1778 763 1925 827 tota
1971 759 2240 843 palliata
2288 763 2483 828 unica
2528 765 2779 840 exstat,
2827 782 2962 831 non
3062 795 3067 804 ·

763 886 868 948 est
906 882 1141 948 idonea
1180 899 1401 963 causa,
1429 899 1547 947 cur
1577 882 2031 964 interpolatori
2075 884 2301 963 potius
2331 902 2533 965 quam
2567 884 2696 966 ipsi
2727 888 2961 966 poetae

762 1017 912 1070 eam
971 1004 1368 1086 tribuamus,
1426 1003 1628 1084 atque
1677 1003 1850 1084 quod
1893 1004 2127 1076 ,minus
2173 1007 2279 1071 est
2325 1005 2542 1072 faceta
2586 1023 2789 1088 quam
2835 1006 2961 1088 ple-

713 1185 718 1194 ,
762 1142 966 1208 raque
1013 1125 1254 1210 Plauti,
1307 1125 1510 1191 tribui
1549 1129 1774 1206 potest
1813 1127 2154 1192 materiae.
2197 1126 2401 1192 Poeta
2436 1127 2729 1208 fingendi
2767 1127 2965 1194 facul-

763 1246 914 1323 tati,
960 1263 1091 1329 qua
1137 1245 1440 1328 pollebat,
1491 1245 1830 1327 indulgere
1877 1264 2009 1312 non
2057 1248 2282 1329 potuit
2299 1269 2314 1329 3
2364 1251 2581 1314 certos
2628 1249 2756 1316 sibi
2792 1249 2963 1316 fines

763 1371 1135 1435 statuerat:
1196 1367 1417 1434 forum
1465 1367 1773 1449 locosque
1822 1368 2080 1434 vicinos
2127 1369 2496 1436 describere
2540 1370 2612 1436 in
2657 1371 2965 1437 animum

763 1487 1154 1572 induxerat3
1219 1491 1360 1556 veri
1421 1491 1626 1569 igitur
1686 1507 1911 1556 rerum
1958 1493 2182 1556 status
2231 1492 2403 1558 ratio
2448 1496 2594 1558 erat
2639 1493 2963 1560 habenda.

765 1611 973 1678 Cuius
1033 1612 1128 1677 rei
1190 1612 1248 1678 si
1314 1629 1644 1678 memores
1691 1631 1949 1697 sumuS,
2003 1614 2498 1682 concedendum
2545 1620 2651 1681 est
2696 1618 2961 1696 poetam

764 1731 1118 1798 materiam
1179 1736 1324 1797 tam
1387 1733 1686 1800 ieiunam
1732 1733 2169 1815 frigidamque
2218 1736 2387 1801 satis
2432 1735 2679 1802 festive
2725 1738 2963 1802 tracta-

764 1853 964 1919 visse.
1028 1853 1480 1920 Confirmatur
1543 1853 1886 1920 sententia
1944 1855 2026 1920 de
2072 1854 2310 1922 Plauto
2358 1873 2635 1923 scaenae
2687 1856 2964 1923 huiusce

763 1978 960 2056 poeta
1019 1975 1142 2042 hac
1203 1992 1293 2052 re,
1359 1977 1531 2057 quod
1579 1993 1713 2042 vox
1761 1974 2125 2054 ὤλοφαέντης
2173 1994 2259 2043 ex
2305 1977 2555 2045 Graeco
2599 1979 2963 2060 exemplari

763 2099 1028 2179 recepta
1088 2114 1237 2164 esse
1298 2099 1463 2164 mihi
1524 2097 1821 2181 videtur;
1886 2100 2059 2181 quod
2122 2101 2181 2166 si
2241 2100 2339 2166 ita
2397 2104 2523 2177 est,
2588 2101 2661 2167 in
2714 2102 2960 2168 Graeco

763 2221 1127 2302 exemplari
1172 2221 1650 2286 eiusdemmodi
1696 2239 1935 2288 scaena
1981 2223 2315 2288 exstabat.

856 2341 982 2407 Sed
1019 2343 1238 2409 ‘etiam
1285 2343 1474 2424 plura
1520 2343 1715 2409 affert
1761 2344 1800 2409 J
1805 2362 2047 2420 onom,
2095 2362 2263 2427 quae
2309 2345 2583 2426 probare
2630 2346 2691 2412 ei
2737 2347 2959 2414 viden·

764 2466 876 2527 tur
939 2480 1252 2530 scaenam
1315 2481 1464 2530 esse
1526 2465 1859 2545 spuriam:
1930 2466 2117 2551 „den‚
2184 2466 2312 2532 wie
2372 2484 2445 2533 es
2507 2468 2787 2546 scheint‚
2844 2486 2962 2535 un·

764 2584 1251 2665 plautinischen
1319 2586 1666 2654 Gebrauch
1728 2588 1845 2653 des
1906 2587 2141 2655 Worts
2199 2592 2560 2657 ostentator
2618 2590 2763 2675 (15)
2823 2590 2959 2657 und

764 2707 869 2772 die
932 2708 1244 2789 Messung
1307 2709 1664 2774 Gastcris’fi
1730 2710 1862 2775 Cur
1920 2729 2123 2777 usum
2183 2712 2367 2778 vocis
2424 2715 2781 2779 ostentator
2826 2732 2960 2781 non

763 2830 1148 2896 Plautinum
1213 2830 1432 2912 ducat,
1496 2848 1710 2913 neque
1776 2832 1936 2897 dicit
1996 2849 2211 2914 neque
2272 2835 2401 2900 dici
2459 2853 2655 2917 posse
2708 2837 2957 2917 opinor.

764 2949 992 3031 Neque
1061 2951 1373 3032 intelligo,
1445 2952 1770 3033 quomedo
1839 2953 2253 3033 paenultima
2321 2956 2603 3036 genitivi
2668 2956 2960 3024 Castoris

763 3071 1016 3154 syllaba
1085 3072 1404 3153 producta
1473 3074 1861 3155 scrupulum
1922 3074 2067 3140 viro
2128 3076 2320 3142 docto
2380 3078 2646 3144 iniicere
2707 3081 2956 3162 possit3

765 3210 923 3259 nam
983 3195 1053 3259 et
1114 3193 1326 3259 Varro
1370 3197 1440 3260 et
1487 3194 1862 3261 Martianus
1908 3194 2169 3277 Capella
2214 3199 2285 3263 et
2330 3197 2781 3278 Quintilianus
2828 3203 2957 3267 tes·

657 3290 662 3299 ¹
766 3317 998 3381 tantur
1053 3315 1316 3380 veteres
1364 3315 1636 3381 nomina
1684 3316 1957 3392 Graeca,
2004 3333 2174 3397 quae
2219 3318 2674 3385 terminantur
2718 3320 2788 3385 in
2833 3338 2953 3403 -or,

763 3436 1125 3503 declinasse
1200 3439 1551 3517 tamquam
1613 3437 1670 3501 si
1738 3437 2011 3503 nomina
2058 3442 2290 3504 essent
2338 3440 2675 3506 Romana:
2746 3441 2957 3509 Varro

761 3556 836 3621 L.
884 3556 958 3621 L.
1007 3557 1099 3633 X,
1149 3557 1268 3624 70:
1345 3557 1686 3643 „dicebant
1757 3560 1836 3623 ut
1897 3563 2341 3640 quaestorem,
2403 3564 2795 3643 praetorem,
2861 3564 2956 3630 sic

762 3679 1140 3762 Hectorem,
1190 3678 1562 3746 Nestorem.
1609 3679 1844 3763 Itaque
1890 3682 2147 3748 Ennius
2190 3682 2322 3748 ait:
2370 3682 2673 3750 Hectoris
2716 3687 2952 3752 natum

762 3801 842 3867 de
899 3819 1096 3866 muro
1155 3802 1493 3867 iactarier.
1556 3802 1805 3868 Accius
1866 3802 2029 3870 haec
2087 3805 2159 3870 in
2215 3805 2571 3885 tragoediis
2616 3805 2866 3887 largius
2911 3825 2953 3875 a

761 3923 978 4004 prisca
1021 3922 1501 3988 consuetudine
1547 3939 1817 3989 movere
1864 3925 2101 4007 coepit,
2146 3928 2217 3991 et
2262 3925 2345 3992 ad
2392 3927 2640 3992 formas
2666 3927 2955 3995 Graecas

762 4044 1116 4109 verborum
1184 4043 1399 4124 magis
1460 4059 1785 4127 revocare,
1852 4062 1893 4109 a
1953 4062 2082 4128 quo
2144 4046 2453 4113 Valerius
2517 4048 2648 4113 ait:
2711 4049 2955 4115 Accius

759 4166 1104 4233 Hectorem
1150 4168 1316 4232 nolet
1361 4165 1598 4247 facere,
1645 4166 1932 4233 Hectora
1978 4169 2239 4251 matet”;
2291 4169 2663 4236 Martianus
2694 4170 2955 4253 Capella

762 4288 877 4370 III,
952 4289 1116 4353 298:
1193 4288 1528 4372 „Castoris
1595 4291 1669 4353 et
1725 4287 2031 4354 Hectoris
2094 4291 2427 4369 genitivos
2488 4295 2753 4359 veteres
2813 4310 2955 4374 pro·

763 4409 1115 4495 duxerunt,
1189 4410 1303 4475 sed
1375 4427 1498 4476 nos
1567 4411 1979 4493 corripimuS,
2041 4414 2355 4494 quoniam
2418 4415 2653 4481 Graeci
2712 4417 2949 4483 horum
