3459 5300
1802 565 1969 650 32,

746 744 949 824 abire,
1015 757 1247 808 revera
1307 749 1536 808 autem
1602 743 1671 808 in
1722 749 2103 811 extremam
2149 761 2427 812 scaenae
2472 747 2734 826 partem
2783 760 2948 810 rece·

750 865 928 939 dere,
976 863 1090 928 ubi
1145 849 1429 944 coquum
1477 864 1779 945 gestibus
1824 866 2102 932 ludibrio
2150 866 2409 948 habeat,
2461 865 2594 930 nisi
2640 864 2732 944 (id
2778 865 2951 946 quod

754 984 1028 1050 minime
1075 983 1526 1050 necessarium
1574 984 1867 1064 videtur)
1914 1002 2209 1060 versum,
2259 1002 2389 1067 quo
2435 1001 2666 1051 secum
2711 984 2954 1050 dixerit

753 1125 826 1173 se
888 1124 1019 1172 non
1083 1107 1424 1172 abiturum
1473 1121 1640 1190 esse,
1689 1107 2107 1174 intercidisse
2154 1107 2612 1189 accipiendum
2656 1109 2784 1172 est.
2832 1105 2953 1171 Pa-

749 1229 1013 1295 linurus
1060 1245 1290 1295 secum
1336 1229 1666 1310 loquitur:
1717 1230 1922 1315 „item
1950 1267 2033 1278 —
2061 1226 2551 1309 concorditer’';
2592 1244 2845 1308 coquus
2873 1226 2956 1292 ad

713 1350 1094 1442 lenonem:
1172 1348 1376 1435 „nihil
1437 1352 1546 1416 est
1609 1350 1991 1417 mirandum
2052 1369 2110 1416 e.
2174 1368 2236 1432 q.
2302 1350 2414 1415 s.”·
2465 1348 2759 1414 Versum
2824 1348 2954 1413 267

756 1474 987 1539 autem
1027 1489 1269 1537 sanum
1309 1489 1440 1538 non
1481 1488 1629 1538 esse
1669 1483 2071 1554 persuasum
2110 1472 2273 1538 mihi
2313 1473 2540 1547 habe0‚
2568 1488 2699 1536 non
2740 1470 2956 1536 solum

760 1596 1027 1675 propter
1071 1593 1332 1658 hiatum
1383 1596 1535 1674 post
1582 1594 1718 1669 tibi,
1746 1593 1862 1660 sed
1888 1594 2093 1660 etiam
2132 1594 2445 1676 quoniam
2486 1609 2617 1659 non
2660 1592 2955 1673 dispicio,

757 1731 886 1796 quo
954 1712 1113 1777 illud
1178 1713 1642 1780 iusiurandum
1713 1718 1994 1796 spectet.
2067 1714 2350 1797 Saepius
2419 1715 2487 1780 in
2551 1714 2676 1780 hac
2737 1713 2958 1780 fabula

761 1838 1326 1901 commemoratur
1394 1835 1881 1916 iusiurandum,
1956 1837 2128 1919 quod
2174 1836 2449 1902 multas
2519 1834 2686 1900 viris
2746 1834 2960 1899 doctis

765 1957 1021 2040 peperit
1081 1956 1443 2032 molestiae,
1509 1957 1588 2021 de
1648 1974 1781 2039 qua
1842 1975 1911 2024 re
1974 1957 2147 2023 infra
2201 1957 2389 2039 plura
2433 1957 2805 2038 disputabo.
2856 1955 2961 2020 Ad

767 2081 1074 2144 nostrum
1135 2083 1368 2144 autem
1428 2078 1647 2144 locum
1694 2077 1854 2143 illud
1902 2079 2065 2144 nihil
2112 2078 2444 2161 pertinere
2490 2081 2669 2143 certo
2714 2075 2963 2142 certius

769 2200 934 2265 mihi
997 2200 1278 2265 videtur.
1342 2199 1517 2265 Nam
1579 2216 1974 2280 quocunque
2026 2200 2218 2266 modo
2266 2217 2339 2265 se
2385 2199 2543 2264 illud
2591 2199 2793 2264 habet
2837 2197 2966 2264 ius-

771 2319 1151 2396 iurandum,
1215 2321 1296 2387 de
1355 2338 1482 2402 quo
1556 2320 1974 2386 dissentiunt
2047 2321 2174 2385 viri
2238 2321 2433 2396 docti,
2496 2323 2808 2402 potestne
2862 2320 2969 2388 hic

772 2442 1049 2523 cogitari
1109 2442 1188 2507 de
1249 2445 1429 2507 certo
1488 2441 1780 2524 quodam
1843 2443 2316 2507 iureiurando?
2365 2441 2603 2507 Nonne
2647 2441 2969 2524 Iuppiter,
3060 2419 3065 2426 ’

773 2566 879 2632 cui
942 2565 1073 2654 deo,
1123 2567 1347 2630 totum
1400 2565 1521 2631 hoc
1566 2569 1671 2630 est
1719 2565 2157 2630 commissum
2203 2564 2565 2645 negotium,
2616 2563 2684 2628 in
2734 2563 2971 2646 quovis

772 2687 1192 2753 iureiurando
1254 2687 1296 2751 i.
1351 2704 1407 2752 e.
1474 2687 1541 2751 in
1591 2687 1867 2754 iurando
1916 2688 2017 2753 vel
2069 2688 2127 2753 si
2173 2688 2271 2753 ita
2316 2704 2422 2753 res
2468 2687 2598 2752 fert
2645 2686 2712 2751 in
2762 2685 2970 2769 periu-

774 2808 978 2875 rando
1061 2808 1445 2874 hominibus
1506 2810 1754 2875 auxilio
1822 2810 1980 2875 est?
2072 2811 2219 2875 Aut
2284 2810 2491 2889 igitur
2559 2807 2974 2874 desideratur

777 2934 850 2997 in
918 2931 1213 2996 iurando
1280 2933 1402 2996 aut
1463 2932 1538 2995 in
1593 2932 2033 3014 periurando.
2122 2932 2372 2997 Utrum
2434 2930 2539 2996 hic
2599 2930 2975 3009 eligendum

779 3055 890 3135 sit,
949 3026 1218 3134 propter
1280 3050 1536 3117 lenonis
1599 3053 1806 3118 verba
1866 3069 2105 3119 versus
2175 3052 2550 3134 sequentis:
2625 3051 2778 3137 „qui
2838 3069 2975 3136 per·

776 3172 1188 3241 iuraverint’'
1239 3174 1515 3239 dubium
1563 3191 1712 3241 esse
1761 3176 2012 3256 nequit.
2068 3175 2313 3257 Quodsi
2360 3178 2705 3258 praeterea
2749 3174 2979 3243 hiatus

779 3301 932 3379 post
1023 3297 1141 3361 tibi
1229 3295 1614 3361 eliminandi
1711 3313 1916 3363 causa
2008 3298 2381 3378 pronomini
2472 3301 2591 3381 qui
2671 3299 2979 3365 addimus

781 3420 1068 3502 quidem,
1107 3417 1408 3500 optimus
1445 3400 1676 3483 eradit
1724 3436 1999 3485 versus:
2056 3421 2205 3502 „qui
2255 3421 2525 3502 quidem
2573 3421 2697 3486 tibi
2733 3420 2981 3491 auxilio

781 3543 849 3608 in
940 3540 1332 3624 periurando
1417 3540 1620 3615 fuit‚”,
1680 3544 1885 3637 atque
1947 3543 2303 3623 aptissima
2383 3543 2537 3607 huic
2619 3543 2759 3610 loco
2838 3559 2978 3613 sen-

782 3663 1019 3728 tentia.

873 3785 1052 3865 Quae
1110 3782 1167 3847 si
1211 3784 1392 3847 recte
1437 3782 1953 3864 disputavimuS‚
2003 3804 2131 3851 non
2180 3800 2344 3852 cum·
2383 3785 2632 3852 Laomo
2679 3789 2979 3855 statuen-

786 3907 948 3972 dum
1009 3910 1116 3971 est
1166 3922 1266 3971 vs
1343 3904 1698 3970 265—269
1769 3924 1898 3973 non
1962 3909 2130 3973 satis
2191 3910 2358 3974 bene
2426 3926 2581 3975 cum
2653 3908 2981 3989 prioribus

784 4032 1131 4098 cohaerere
1178 4031 1380 4109 atque
1426 4043 1467 4091 a
1513 4026 1752 4094 Plauto
1796 4030 2090 4096 adiectos
2129 4047 2278 4096 esse
2319 4030 2592 4096 Atticis.
2635 4029 2766 4096 Cur
2803 4029 2983 4095 enim

785 4150 1205 4232 suspicemur
1266 4146 1409 4213 illos
1472 4165 1712 4215 versus
1765 4169 1898 4217 non
1955 4152 2124 4233 apud
2177 4152 2509 4218 Graecum
2562 4154 2826 4231 poetam
2876 4168 2985 4216 ex·

783 4273 1096 4339 stitisse?
1162 4269 1401 4352 Quidni
1468 4269 1536 4333 in
1605 4269 1854 4338 Graeco
1917 4273 2278 4354 exemplari
2348 4289 2465 4354 pro
2536 4273 2611 4336 in
2676 4272 2986 4355 Capitolio

788 4399 1057 4459 exstare
1104 4391 1321 4473 potuit
1379 4388 1480 4475 „lv
1525 4392 1606 4469 τῷ
1657 4396 1759 4455 τοῦ
1812 4395 1956 4463 Διός
2007 4395 2235 4474 1ερῷ”ἳ
