<?xml version="1.0" encoding="UTF-8"?>
<!DOCTYPE html PUBLIC "-//W3C//DTD XHTML 1.0 Transitional//EN"
    "http://www.w3.org/TR/xhtml1/DTD/xhtml1-transitional.dtd">
<html xmlns="http://www.w3.org/1999/xhtml" xml:lang="en" lang="en">
 <head>
  <title>
</title>
<meta http-equiv="Content-Type" content="text/html;charset=utf-8" />
  <meta name='ocr-system' content='tesseract 3.04.00' />
  <meta name='ocr-capabilities' content='ocr_page ocr_carea ocr_par ocr_line ocrx_word'/>
</head>
<body>
  <div class='ocr_page' id='page_1' title='image "./deplauticurculi00bossgoog_0165.png"; bbox 0 0 3459 5300; ppageno 0'>
   <div class='ocr_carea' id='block_1_1' title="bbox 1562 571 1693 638">
    <p class='ocr_par' dir='ltr' id='par_1_1' title="bbox 1562 571 1693 638">
     <span class='ocr_line' id='line_1_1' title="bbox 1562 571 1693 638; baseline 0.015 -2"><span class='ocrx_word' id='word_1_1' title='bbox 1562 571 1693 638; x_wconf 80' lang='lat'>153</span> 
     </span>
    </p>
   </div>
   <div class='ocr_carea' id='block_1_2' title="bbox 522 752 2726 944">
    <p class='ocr_par' dir='ltr' id='par_1_2' title="bbox 522 752 2726 944">
     <span class='ocr_line' id='line_1_2' title="bbox 522 752 2726 840; baseline 0 -23"><span class='ocrx_word' id='word_1_2' title='bbox 522 753 1017 834; x_wconf 78' lang='lat' dir='ltr'>praecedentia:</span> <span class='ocrx_word' id='word_1_3' title='bbox 1073 772 1245 840; x_wconf 87' lang='lat' dir='ltr'>„non</span> <span class='ocrx_word' id='word_1_4' title='bbox 1294 757 1497 839; x_wconf 84' lang='lat' dir='ltr'>taceo,</span> <span class='ocrx_word' id='word_1_5' title='bbox 1526 755 1790 836; x_wconf 90' lang='lat' dir='ltr'>quando</span> <span class='ocrx_word' id='word_1_6' title='bbox 1838 771 1947 820; x_wconf 89' lang='lat' dir='ltr'>res</span> <span class='ocrx_word' id='word_1_7' title='bbox 1993 753 2206 838; x_wconf 84' lang='lat' dir='ltr'>vortit</span> <span class='ocrx_word' id='word_1_8' title='bbox 2249 752 2480 830; x_wconf 86' lang='lat' dir='ltr'>bene”‚</span> <span class='ocrx_word' id='word_1_9' title='bbox 2520 753 2726 818; x_wconf 91' lang='lat' dir='ltr'>Phae-</span> 
     </span>
     <span class='ocr_line' id='line_1_3' title="bbox 523 856 1611 944; baseline 0.003 -5"><span class='ocrx_word' id='word_1_10' title='bbox 523 856 751 944; x_wconf 91' lang='lat' dir='ltr'>dromo</span> <span class='ocrx_word' id='word_1_11' title='bbox 798 875 1012 943; x_wconf 85' lang='lat' dir='ltr'>dicere</span> <span class='ocrx_word' id='word_1_12' title='bbox 1059 876 1436 944; x_wconf 90' lang='lat' dir='ltr'>censendus</span> <span class='ocrx_word' id='word_1_13' title='bbox 1480 881 1611 944; x_wconf 87' lang='lat' dir='ltr'>est.</span> 
     </span>
    </p>
   </div>
   <div class='ocr_carea' id='block_1_3' title="bbox 613 992 2859 1082">
    <p class='ocr_par' dir='ltr' id='par_1_3' title="bbox 613 992 2859 1082">
     <span class='ocr_line' id='line_1_4' title="bbox 613 992 2859 1082; baseline -0 -20"><span class='ocrx_word' id='word_1_14' title='bbox 613 998 898 1064; x_wconf 89' lang='lat' dir='ltr'>Omnino</span> <span class='ocrx_word' id='word_1_15' title='bbox 955 999 1037 1064; x_wconf 84' lang='lat' dir='ltr'>ad</span> <span class='ocrx_word' id='word_1_16' title='bbox 1100 999 1370 1064; x_wconf 91' lang='lat' dir='ltr'>irritum</span> <span class='ocrx_word' id='word_1_17' title='bbox 1430 999 1666 1065; x_wconf 89' lang='lat' dir='ltr'>cecidit</span> <span class='ocrx_word' id='word_1_18' title='bbox 1728 999 2115 1065; x_wconf 70' lang='lat' dir='ltr'><strong>distributio</strong></span> <span class='ocrx_word' id='word_1_19' title='bbox 2162 999 2492 1072; x_wconf 77' lang='lat' dir='ltr'>Ussmon,</span> <span class='ocrx_word' id='word_1_20' title='bbox 2545 1014 2722 1082; x_wconf 89' lang='lat' dir='ltr'>„pro·</span> <span class='ocrx_word' id='word_1_21' title='bbox 2853 992 2859 999; x_wconf 82' lang='grc'><strong><em>’</em></strong></span> 
     </span>
    </p>
   </div>
   <div class='ocr_carea' id='block_1_4' title="bbox 509 1119 2723 3161">
    <p class='ocr_par' dir='ltr' id='par_1_4' title="bbox 509 1119 2723 3034">
     <span class='ocr_line' id='line_1_5' title="bbox 523 1119 2721 1208; baseline -0.001 -24"><span class='ocrx_word' id='word_1_22' title='bbox 523 1119 908 1185; x_wconf 86' lang='lat' dir='ltr'>mittimus”</span> <span class='ocrx_word' id='word_1_23' title='bbox 950 1120 1150 1186; x_wconf 90' lang='lat' dir='ltr'>militi</span> <span class='ocrx_word' id='word_1_24' title='bbox 1186 1121 1632 1187; x_wconf 90' lang='lat' dir='ltr'>adiudicantis</span> <span class='ocrx_word' id='word_1_25' title='bbox 1668 1123 1872 1204; x_wconf 86' lang='lat' dir='ltr'>atque</span> <span class='ocrx_word' id='word_1_26' title='bbox 1919 1124 2105 1208; x_wconf 87' lang='lat' dir='ltr'>„tace</span> <span class='ocrx_word' id='word_1_27' title='bbox 2144 1121 2266 1186; x_wconf 89' lang='lat' dir='ltr'>tu&#39;’</span> <span class='ocrx_word' id='word_1_28' title='bbox 2294 1120 2721 1186; x_wconf 87' lang='lat' dir='ltr'>Phaedromo.</span> 
     </span>
     <span class='ocr_line' id='line_1_6' title="bbox 522 1240 2723 1326; baseline 0.001 -21"><span class='ocrx_word' id='word_1_29' title='bbox 522 1240 711 1306; x_wconf 84' lang='lat' dir='ltr'>Miles</span> <span class='ocrx_word' id='word_1_30' title='bbox 770 1243 1011 1308; x_wconf 88' lang='lat' dir='ltr'>sororis</span> <span class='ocrx_word' id='word_1_31' title='bbox 1058 1243 1329 1309; x_wconf 89' lang='lat' dir='ltr'>arbitrio</span> <span class='ocrx_word' id='word_1_32' title='bbox 1374 1244 1732 1326; x_wconf 88' lang='lat' dir='ltr'>permittit,</span> <span class='ocrx_word' id='word_1_33' title='bbox 1760 1247 1992 1310; x_wconf 90' lang='lat' dir='ltr'>utrum</span> <span class='ocrx_word' id='word_1_34' title='bbox 2019 1244 2430 1310; x_wconf 86' lang='lat' dir='ltr'>Phaedromo</span> <span class='ocrx_word' id='word_1_35' title='bbox 2478 1244 2723 1309; x_wconf 91' lang='lat' dir='ltr'>nubere</span> 
     </span>
     <span class='ocr_line' id='line_1_7' title="bbox 522 1361 2720 1452; baseline 0 -24"><span class='ocrx_word' id='word_1_36' title='bbox 522 1361 687 1429; x_wconf 90' lang='lat' dir='ltr'>velit</span> <span class='ocrx_word' id='word_1_37' title='bbox 725 1380 931 1430; x_wconf 91' lang='lat' dir='ltr'>necne</span> <span class='ocrx_word' id='word_1_38' title='bbox 970 1369 1095 1442; x_wconf 87' lang='lat' dir='ltr'>(vs.</span> <span class='ocrx_word' id='word_1_39' title='bbox 1122 1365 1289 1432; x_wconf 85' lang='lat'>673:</span> <span class='ocrx_word' id='word_1_40' title='bbox 1338 1367 1437 1452; x_wconf 88' lang='lat' dir='ltr'>„si</span> <span class='ocrx_word' id='word_1_41' title='bbox 1475 1366 1640 1432; x_wconf 89' lang='lat' dir='ltr'>haec</span> <span class='ocrx_word' id='word_1_42' title='bbox 1678 1366 1913 1451; x_wconf 83' lang='lat' dir='ltr'>volt&#39;’).</span> <span class='ocrx_word' id='word_1_43' title='bbox 1954 1365 2025 1431; x_wconf 85' lang='lat' dir='ltr'>Si</span> <span class='ocrx_word' id='word_1_44' title='bbox 2062 1367 2269 1446; x_wconf 88' lang='lat' dir='ltr'>igitur</span> <span class='ocrx_word' id='word_1_45' title='bbox 2298 1369 2454 1448; x_wconf 87' lang='lat' dir='ltr'>post</span> <span class='ocrx_word' id='word_1_46' title='bbox 2482 1366 2720 1431; x_wconf 88' lang='lat' dir='ltr'>verba:</span> 
     </span>
     <span class='ocr_line' id='line_1_8' title="bbox 524 1485 2719 1571; baseline 0.002 -22"><span class='ocrx_word' id='word_1_47' title='bbox 524 1485 669 1571; x_wconf 87' lang='lat' dir='ltr'>„hic</span> <span class='ocrx_word' id='word_1_48' title='bbox 734 1485 1225 1568; x_wconf 81' lang='lat' dir='ltr'>nuptialem</span> <span class='ocrx_word' id='word_1_49' title='bbox 1284 1505 1433 1554; x_wconf 89' lang='lat' dir='ltr'>cras</span> <span class='ocrx_word' id='word_1_50' title='bbox 1495 1486 1725 1553; x_wconf 85' lang='lat' dir='ltr'>dabit&#39;’</span> <span class='ocrx_word' id='word_1_51' title='bbox 1792 1487 2070 1570; x_wconf 89' lang='lat' dir='ltr'>loquens</span> <span class='ocrx_word' id='word_1_52' title='bbox 2121 1487 2472 1568; x_wconf 85' lang='lat' dir='ltr'>fingendus</span> <span class='ocrx_word' id='word_1_53' title='bbox 2517 1490 2719 1564; x_wconf 87' lang='lat' dir='ltr'>esset,</span> 
     </span>
     <span class='ocr_line' id='line_1_9' title="bbox 520 1587 2722 1690; baseline 0.001 -18"><span class='ocrx_word' id='word_1_54' title='bbox 520 1587 660 1674; x_wconf 85' lang='lat' dir='ltr'>iam</span> <span class='ocrx_word' id='word_1_55' title='bbox 720 1608 827 1674; x_wconf 94' lang='lat' dir='ltr'>hic</span> <span class='ocrx_word' id='word_1_56' title='bbox 888 1624 963 1673; x_wconf 89' lang='lat' dir='ltr'>se</span> <span class='ocrx_word' id='word_1_57' title='bbox 1015 1609 1081 1674; x_wconf 90' lang='lat' dir='ltr'>id</span> <span class='ocrx_word' id='word_1_58' title='bbox 1128 1609 1337 1674; x_wconf 91' lang='lat' dir='ltr'>sorori</span> <span class='ocrx_word' id='word_1_59' title='bbox 1384 1610 1773 1689; x_wconf 77' lang='lat' dir='ltr'>permittere</span> <span class='ocrx_word' id='word_1_60' title='bbox 1821 1609 2266 1690; x_wconf 81' lang='lat' dir='ltr'>pronuntians</span> <span class='ocrx_word' id='word_1_61' title='bbox 2312 1612 2493 1676; x_wconf 90' lang='lat' dir='ltr'>esset</span> <span class='ocrx_word' id='word_1_62' title='bbox 2537 1609 2722 1675; x_wconf 92' lang='lat' dir='ltr'>indu·</span> 
     </span>
     <span class='ocr_line' id='line_1_10' title="bbox 520 1713 2721 1818; baseline 0.001 -24"><span class='ocrx_word' id='word_1_63' title='bbox 520 1728 790 1794; x_wconf 76' lang='lat' dir='ltr'>cendus</span> <span class='ocrx_word' id='word_1_64' title='bbox 856 1731 1031 1795; x_wconf 91' lang='lat' dir='ltr'>Hinc</span> <span class='ocrx_word' id='word_1_65' title='bbox 1091 1747 1223 1796; x_wconf 92' lang='lat' dir='ltr'>non</span> <span class='ocrx_word' id='word_1_66' title='bbox 1280 1730 1593 1818; x_wconf 89' lang='lat' dir='ltr'>abhorret</span> <span class='ocrx_word' id='word_1_67' title='bbox 1636 1731 1808 1813; x_wconf 90' lang='lat' dir='ltr'>quod</span> <span class='ocrx_word' id='word_1_68' title='bbox 1858 1749 1958 1797; x_wconf 89' lang='lat' dir='ltr'>vs.</span> <span class='ocrx_word' id='word_1_69' title='bbox 1990 1713 2161 1807; x_wconf 80' lang='lat'>&#39;665‚</span> <span class='ocrx_word' id='word_1_70' title='bbox 2209 1731 2364 1796; x_wconf 91' lang='lat' dir='ltr'>licet</span> <span class='ocrx_word' id='word_1_71' title='bbox 2409 1747 2494 1796; x_wconf 93' lang='lat' dir='ltr'>ne</span> <span class='ocrx_word' id='word_1_72' title='bbox 2542 1748 2721 1796; x_wconf 91' lang='lat' dir='ltr'>nunc</span> 
     </span>
     <span class='ocr_line' id='line_1_11' title="bbox 518 1851 2720 1935; baseline 0.001 -19"><span class='ocrx_word' id='word_1_73' title='bbox 518 1851 787 1933; x_wconf 88' lang='lat' dir='ltr'>quidem</span> <span class='ocrx_word' id='word_1_74' title='bbox 847 1852 1117 1932; x_wconf 89' lang='lat' dir='ltr'>sponsio</span> <span class='ocrx_word' id='word_1_75' title='bbox 1179 1852 1356 1918; x_wconf 85' lang='lat' dir='ltr'>facta</span> <span class='ocrx_word' id='word_1_76' title='bbox 1418 1852 1531 1932; x_wconf 89' lang='lat' dir='ltr'>sit,</span> <span class='ocrx_word' id='word_1_77' title='bbox 1594 1852 1787 1918; x_wconf 88' lang='lat' dir='ltr'>miles</span> <span class='ocrx_word' id='word_1_78' title='bbox 1833 1853 2125 1935; x_wconf 88' lang='lat' dir='ltr'>parasito</span> <span class='ocrx_word' id='word_1_79' title='bbox 2169 1853 2602 1920; x_wconf 83' lang='lat' dir='ltr'>contendenti</span> <span class='ocrx_word' id='word_1_80' title='bbox 2647 1871 2720 1919; x_wconf 92' lang='lat' dir='ltr'>se</span> 
     </span>
     <span class='ocr_line' id='line_1_12' title="bbox 518 1973 2718 2061; baseline 0 -23"><span class='ocrx_word' id='word_1_81' title='bbox 518 1973 805 2039; x_wconf 88' lang='lat' dir='ltr'>dotem</span> <span class='ocrx_word' id='word_1_82' title='bbox 857 1973 1175 2039; x_wconf 87' lang='lat' dir='ltr'>daturum</span> <span class='ocrx_word' id='word_1_83' title='bbox 1234 1991 1383 2040; x_wconf 92' lang='lat' dir='ltr'>esse</span> <span class='ocrx_word' id='word_1_84' title='bbox 1444 1974 1835 2056; x_wconf 83' lang='lat' dir='ltr'>respondet:</span> <span class='ocrx_word' id='word_1_85' title='bbox 1905 1991 2050 2061; x_wconf 88' lang='lat' dir='ltr'>„me</span> <span class='ocrx_word' id='word_1_86' title='bbox 2101 1974 2374 2041; x_wconf 88' lang='lat' dir='ltr'>lubente</span> <span class='ocrx_word' id='word_1_87' title='bbox 2419 1974 2718 2041; x_wconf 86' lang='lat' dir='ltr'>feceris.’&#39;</span> 
     </span>
     <span class='ocr_line' id='line_1_13' title="bbox 520 2095 2719 2178; baseline 0 -17"><span class='ocrx_word' id='word_1_88' title='bbox 520 2095 695 2161; x_wconf 88' lang='lat' dir='ltr'>Nam</span> <span class='ocrx_word' id='word_1_89' title='bbox 752 2095 1005 2176; x_wconf 89' lang='lat' dir='ltr'>optime</span> <span class='ocrx_word' id='word_1_90' title='bbox 1064 2096 1188 2161; x_wconf 93' lang='lat' dir='ltr'>hoc</span> <span class='ocrx_word' id='word_1_91' title='bbox 1234 2096 1448 2162; x_wconf 87' lang='lat' dir='ltr'>dicere</span> <span class='ocrx_word' id='word_1_92' title='bbox 1492 2099 1739 2178; x_wconf 88' lang='lat' dir='ltr'>potest,</span> <span class='ocrx_word' id='word_1_93' title='bbox 1788 2097 1920 2162; x_wconf 86' lang='lat' dir='ltr'>etsi</span> <span class='ocrx_word' id='word_1_94' title='bbox 1965 2095 2292 2162; x_wconf 89' lang='lat' dir='ltr'>nihildum</span> <span class='ocrx_word' id='word_1_95' title='bbox 2337 2096 2416 2161; x_wconf 91' lang='lat' dir='ltr'>de</span> <span class='ocrx_word' id='word_1_96' title='bbox 2463 2096 2719 2178; x_wconf 90' lang='lat' dir='ltr'>nuptiis</span> 
     </span>
     <span class='ocr_line' id='line_1_14' title="bbox 516 2217 2718 2300; baseline 0 -18"><span class='ocrx_word' id='word_1_97' title='bbox 516 2220 861 2282; x_wconf 88' lang='lat' dir='ltr'>statutum</span> <span class='ocrx_word' id='word_1_98' title='bbox 934 2220 1061 2283; x_wconf 91' lang='lat' dir='ltr'>est.</span> <span class='ocrx_word' id='word_1_99' title='bbox 1125 2217 1669 2284; x_wconf 71' lang='lat' dir='ltr'>subaudiendum</span> <span class='ocrx_word' id='word_1_100' title='bbox 1735 2218 2055 2284; x_wconf 90' lang='lat' dir='ltr'>nimirum</span> <span class='ocrx_word' id='word_1_101' title='bbox 2115 2222 2255 2284; x_wconf 91' lang='lat' dir='ltr'>est:</span> <span class='ocrx_word' id='word_1_102' title='bbox 2317 2220 2382 2283; x_wconf 77' lang='lat' dir='ltr'>si</span> <span class='ocrx_word' id='word_1_103' title='bbox 2441 2219 2718 2300; x_wconf 77' lang='lat' dir='ltr'>nuptiae</span> 
     </span>
     <span class='ocr_line' id='line_1_15' title="bbox 512 2338 2716 2422; baseline 0 -18"><span class='ocrx_word' id='word_1_104' title='bbox 512 2339 691 2418; x_wconf 74' lang='lat' dir='ltr'>fient.</span> <span class='ocrx_word' id='word_1_105' title='bbox 764 2338 953 2404; x_wconf 84' lang='lat' dir='ltr'>Miles</span> <span class='ocrx_word' id='word_1_106' title='bbox 1021 2343 1252 2406; x_wconf 85' lang='lat' dir='ltr'>autem</span> <span class='ocrx_word' id='word_1_107' title='bbox 1324 2357 1536 2422; x_wconf 90' lang='lat' dir='ltr'>neque</span> <span class='ocrx_word' id='word_1_108' title='bbox 1603 2340 1943 2422; x_wconf 90' lang='lat' dir='ltr'>promittit</span> <span class='ocrx_word' id='word_1_109' title='bbox 2003 2358 2076 2406; x_wconf 95' lang='lat' dir='ltr'>se</span> <span class='ocrx_word' id='word_1_110' title='bbox 2121 2358 2356 2406; x_wconf 89' lang='lat' dir='ltr'>cenam</span> <span class='ocrx_word' id='word_1_111' title='bbox 2398 2341 2716 2406; x_wconf 86' lang='lat' dir='ltr'>daturum</span> 
     </span>
     <span class='ocr_line' id='line_1_16' title="bbox 512 2453 2714 2543; baseline 0.001 -19"><span class='ocrx_word' id='word_1_112' title='bbox 512 2476 661 2526; x_wconf 92' lang='lat' dir='ltr'>esse</span> <span class='ocrx_word' id='word_1_113' title='bbox 723 2477 938 2542; x_wconf 89' lang='lat' dir='ltr'>neque</span> <span class='ocrx_word' id='word_1_114' title='bbox 1000 2465 1235 2543; x_wconf 83' lang='lat' dir='ltr'>negat3</span> <span class='ocrx_word' id='word_1_115' title='bbox 1296 2479 1454 2527; x_wconf 90' lang='lat' dir='ltr'>nam</span> <span class='ocrx_word' id='word_1_116' title='bbox 1518 2461 1719 2527; x_wconf 84' lang='lat' dir='ltr'>verbo</span> <span class='ocrx_word' id='word_1_117' title='bbox 1770 2462 2234 2543; x_wconf 78' lang='lat' dir='ltr'>promittimus</span> <span class='ocrx_word' id='word_1_118' title='bbox 2281 2453 2584 2526; x_wconf 80' lang='lat' dir='ltr'>Curculio</span> <span class='ocrx_word' id='word_1_119' title='bbox 2630 2463 2714 2526; x_wconf 90' lang='lat' dir='ltr'>ab</span> 
     </span>
     <span class='ocr_line' id='line_1_17' title="bbox 513 2585 2711 2671; baseline 0 -19"><span class='ocrx_word' id='word_1_120' title='bbox 513 2602 589 2652; x_wconf 94' lang='lat' dir='ltr'>eo</span> <span class='ocrx_word' id='word_1_121' title='bbox 652 2601 725 2651; x_wconf 92' lang='lat' dir='ltr'>se</span> <span class='ocrx_word' id='word_1_122' title='bbox 788 2585 1038 2652; x_wconf 89' lang='lat' dir='ltr'>avertit</span> <span class='ocrx_word' id='word_1_123' title='bbox 1101 2588 1173 2651; x_wconf 91' lang='lat' dir='ltr'>et</span> <span class='ocrx_word' id='word_1_124' title='bbox 1234 2585 1477 2668; x_wconf 80' lang='lat' dir='ltr'>aspicit</span> <span class='ocrx_word' id='word_1_125' title='bbox 1539 2585 2050 2671; x_wconf 87' lang='lat' dir='ltr'>Phaedromum,</span> <span class='ocrx_word' id='word_1_126' title='bbox 2107 2589 2510 2669; x_wconf 82' lang='lat' dir='ltr'>exspectans</span> <span class='ocrx_word' id='word_1_127' title='bbox 2552 2587 2711 2670; x_wconf 90' lang='lat' dir='ltr'>quid</span> 
     </span>
     <span class='ocr_line' id='line_1_18' title="bbox 514 2706 2714 2790; baseline 0.001 -18"><span class='ocrx_word' id='word_1_128' title='bbox 514 2707 620 2772; x_wconf 90' lang='lat' dir='ltr'>hic</span> <span class='ocrx_word' id='word_1_129' title='bbox 679 2707 979 2773; x_wconf 88' lang='lat' dir='ltr'>dicturus</span> <span class='ocrx_word' id='word_1_130' title='bbox 1040 2708 1151 2773; x_wconf 88' lang='lat' dir='ltr'>sit.</span> <span class='ocrx_word' id='word_1_131' title='bbox 1201 2708 1479 2774; x_wconf 87' lang='lat' dir='ltr'>Accedit</span> <span class='ocrx_word' id='word_1_132' title='bbox 1521 2706 1715 2789; x_wconf 87' lang='lat' dir='ltr'>quod,</span> <span class='ocrx_word' id='word_1_133' title='bbox 1766 2710 1822 2773; x_wconf 93' lang='lat' dir='ltr'>si</span> <span class='ocrx_word' id='word_1_134' title='bbox 1860 2711 2325 2790; x_wconf 74' lang='lat' dir='ltr'>promittimus</span> <span class='ocrx_word' id='word_1_135' title='bbox 2369 2712 2551 2775; x_wconf 91' lang='lat' dir='ltr'>esset</span> <span class='ocrx_word' id='word_1_136' title='bbox 2599 2710 2714 2775; x_wconf 91' lang='lat' dir='ltr'>mi-</span> 
     </span>
     <span class='ocr_line' id='line_1_19' title="bbox 509 2828 2712 2913; baseline 0.001 -20"><span class='ocrx_word' id='word_1_137' title='bbox 509 2828 672 2911; x_wconf 90' lang='lat' dir='ltr'>litis,</span> <span class='ocrx_word' id='word_1_138' title='bbox 730 2831 929 2895; x_wconf 87' lang='lat' dir='ltr'>verba</span> <span class='ocrx_word' id='word_1_139' title='bbox 977 2830 1371 2895; x_wconf 89' lang='lat' dir='ltr'>Phaedromi</span> <span class='ocrx_word' id='word_1_140' title='bbox 1418 2833 1553 2895; x_wconf 82' lang='lat' dir='ltr'>tace</span> <span class='ocrx_word' id='word_1_141' title='bbox 1596 2832 1688 2913; x_wconf 89' lang='lat' dir='ltr'>tu,</span> <span class='ocrx_word' id='word_1_142' title='bbox 1740 2847 1911 2911; x_wconf 86' lang='lat' dir='ltr'>quae</span> <span class='ocrx_word' id='word_1_143' title='bbox 1959 2830 2331 2897; x_wconf 90' lang='lat' dir='ltr'>Curculioni</span> <span class='ocrx_word' id='word_1_144' title='bbox 2378 2832 2712 2913; x_wconf 86' lang='lat' dir='ltr'>dicuntur,</span> 
     </span>
     <span class='ocr_line' id='line_1_20' title="bbox 513 2952 1244 3034; baseline 0 -17"><span class='ocrx_word' id='word_1_145' title='bbox 513 2952 739 3017; x_wconf 89' lang='lat' dir='ltr'>minus</span> <span class='ocrx_word' id='word_1_146' title='bbox 784 2953 1015 3017; x_wconf 87' lang='lat' dir='ltr'>essent</span> <span class='ocrx_word' id='word_1_147' title='bbox 1060 2954 1244 3034; x_wconf 88' lang='lat' dir='ltr'>apta.</span> 
     </span>
    </p>

    <p class='ocr_par' dir='ltr' id='par_1_5' title="bbox 596 3074 2710 3161">
     <span class='ocr_line' id='line_1_21' title="bbox 596 3074 2710 3161; baseline 0.001 -22"><span class='ocrx_word' id='word_1_148' title='bbox 596 3074 717 3139; x_wconf 91' lang='lat' dir='ltr'>Vs.</span> <span class='ocrx_word' id='word_1_149' title='bbox 793 3074 921 3139; x_wconf 88' lang='lat'>664</span> <span class='ocrx_word' id='word_1_150' title='bbox 992 3075 1459 3154; x_wconf 87' lang='lat' dir='ltr'>interrogatio:</span> <span class='ocrx_word' id='word_1_151' title='bbox 1540 3074 1734 3161; x_wconf 87' lang='lat' dir='ltr'>„quid</span> <span class='ocrx_word' id='word_1_152' title='bbox 1806 3075 2096 3153; x_wconf 80' lang='lat' dir='ltr'>dotis”‘?,</span> <span class='ocrx_word' id='word_1_153' title='bbox 2166 3093 2368 3156; x_wconf 87' lang='lat' dir='ltr'>quam</span> <span class='ocrx_word' id='word_1_154' title='bbox 2453 3074 2710 3142; x_wconf 90' lang='lat' dir='ltr'>codices</span> 
     </span>
    </p>
   </div>
   <div class='ocr_carea' id='block_1_5' title="bbox 509 3194 2745 3300">
    <p class='ocr_par' dir='ltr' id='par_1_6' title="bbox 509 3194 2745 3300">
     <span class='ocr_line' id='line_1_22' title="bbox 509 3194 2745 3300; baseline 0 -40"><span class='ocrx_word' id='word_1_155' title='bbox 509 3195 820 3261; x_wconf 90' lang='lat' dir='ltr'>tribuunt</span> <span class='ocrx_word' id='word_1_156' title='bbox 879 3195 1309 3271; x_wconf 86' lang='lat' dir='ltr'>Phaedrom0‚</span> <span class='ocrx_word' id='word_1_157' title='bbox 1365 3213 1489 3261; x_wconf 90' lang='lat' dir='ltr'>suo</span> <span class='ocrx_word' id='word_1_158' title='bbox 1548 3194 1690 3261; x_wconf 93' lang='lat' dir='ltr'>iure</span> <span class='ocrx_word' id='word_1_159' title='bbox 1756 3196 1988 3261; x_wconf 63' lang='lat' dir='ltr'>Borma</span> <span class='ocrx_word' id='word_1_160' title='bbox 2048 3196 2426 3275; x_wconf 86' lang='lat' dir='ltr'>assignavit</span> <span class='ocrx_word' id='word_1_161' title='bbox 2471 3196 2745 3300; x_wconf 29' lang='lat' dir='ltr'>Thera-¹</span> 
     </span>
    </p>
   </div>
   <div class='ocr_carea' id='block_1_6' title="bbox 502 3316 2710 4493">
    <p class='ocr_par' dir='ltr' id='par_1_7' title="bbox 508 3316 2710 3626">
     <span class='ocr_line' id='line_1_23' title="bbox 508 3316 2710 3398; baseline -0.001 -15"><span class='ocrx_word' id='word_1_162' title='bbox 508 3318 903 3398; x_wconf 81' lang='lat' dir='ltr'>pontigon03</span> <span class='ocrx_word' id='word_1_163' title='bbox 974 3334 1136 3383; x_wconf 89' lang='lat' dir='ltr'>nam</span> <span class='ocrx_word' id='word_1_164' title='bbox 1195 3318 1374 3382; x_wconf 91' lang='lat' dir='ltr'>hunc</span> <span class='ocrx_word' id='word_1_165' title='bbox 1438 3316 1764 3383; x_wconf 90' lang='lat' dir='ltr'>allocutus</span> <span class='ocrx_word' id='word_1_166' title='bbox 1833 3321 1941 3383; x_wconf 91' lang='lat' dir='ltr'>est</span> <span class='ocrx_word' id='word_1_167' title='bbox 2010 3318 2330 3389; x_wconf 85' lang='lat' dir='ltr'>Curculio.</span> <span class='ocrx_word' id='word_1_168' title='bbox 2395 3317 2710 3383; x_wconf 88' lang='lat' dir='ltr'>Libenter</span> 
     </span>
     <span class='ocr_line' id='line_1_24' title="bbox 508 3439 2709 3522; baseline 0.001 -19"><span class='ocrx_word' id='word_1_169' title='bbox 508 3443 739 3505; x_wconf 88' lang='lat' dir='ltr'>autem</span> <span class='ocrx_word' id='word_1_170' title='bbox 801 3456 955 3505; x_wconf 92' lang='lat' dir='ltr'>cum</span> <span class='ocrx_word' id='word_1_171' title='bbox 1019 3439 1343 3505; x_wconf 72' lang='lat' dir='ltr'>Ussmfflo</span> <span class='ocrx_word' id='word_1_172' title='bbox 1405 3442 1674 3521; x_wconf 88' lang='lat' dir='ltr'>propter</span> <span class='ocrx_word' id='word_1_173' title='bbox 1725 3456 2012 3521; x_wconf 88' lang='lat' dir='ltr'>sequens</span> <span class='ocrx_word' id='word_1_174' title='bbox 2058 3441 2299 3521; x_wconf 66' lang='lat' dir='ltr'>ayone?</span> <span class='ocrx_word' id='word_1_175' title='bbox 2347 3442 2496 3521; x_wconf 87' lang='lat' dir='ltr'>post</span> <span class='ocrx_word' id='word_1_176' title='bbox 2547 3440 2709 3522; x_wconf 81' lang='lat' dir='ltr'>quid</span> 
     </span>
     <span class='ocr_line' id='line_1_25' title="bbox 510 3561 1266 3626; baseline -0.004 -2"><span class='ocrx_word' id='word_1_177' title='bbox 510 3561 679 3625; x_wconf 78' lang='lat' dir='ltr'>dotis</span> <span class='ocrx_word' id='word_1_178' title='bbox 726 3561 1123 3626; x_wconf 87' lang='lat' dir='ltr'>inseruerim</span> <span class='ocrx_word' id='word_1_179' title='bbox 1173 3563 1266 3626; x_wconf 84' lang='lat' dir='ltr'>tu.</span> 
     </span>
    </p>

    <p class='ocr_par' dir='ltr' id='par_1_8' title="bbox 505 3682 2708 4130">
     <span class='ocr_line' id='line_1_26' title="bbox 604 3682 2708 3768; baseline 0.001 -20"><span class='ocrx_word' id='word_1_180' title='bbox 604 3683 721 3749; x_wconf 91' lang='lat' dir='ltr'>Vs.</span> <span class='ocrx_word' id='word_1_181' title='bbox 770 3682 921 3765; x_wconf 88' lang='lat'><strong>665,</strong></span> <span class='ocrx_word' id='word_1_182' title='bbox 978 3684 1086 3748; x_wconf 91' lang='lat' dir='ltr'>cui</span> <span class='ocrx_word' id='word_1_183' title='bbox 1131 3684 1201 3749; x_wconf 93' lang='lat' dir='ltr'>in</span> <span class='ocrx_word' id='word_1_184' title='bbox 1248 3682 1436 3747; x_wconf 90' lang='lat' dir='ltr'>libris</span> <span class='ocrx_word' id='word_1_185' title='bbox 1485 3683 1754 3763; x_wconf 86' lang='lat' dir='ltr'>signum</span> <span class='ocrx_word' id='word_1_186' title='bbox 1801 3683 2038 3749; x_wconf 88' lang='lat' dir='ltr'>militis</span> <span class='ocrx_word' id='word_1_187' title='bbox 2085 3684 2558 3768; x_wconf 88' lang='lat' dir='ltr'>praemittitur,</span> <span class='ocrx_word' id='word_1_188' title='bbox 2609 3686 2708 3750; x_wconf 91' lang='lat' dir='ltr'>ita</span> 
     </span>
     <span class='ocr_line' id='line_1_27' title="bbox 506 3803 2708 3886; baseline 0.001 -17"><span class='ocrx_word' id='word_1_189' title='bbox 506 3805 591 3869; x_wconf 89' lang='lat' dir='ltr'>ab</span> <span class='ocrx_word' id='word_1_190' title='bbox 663 3803 985 3871; x_wconf 77' lang='lat' dir='ltr'>Ussmoro</span> <span class='ocrx_word' id='word_1_191' title='bbox 1054 3807 1387 3869; x_wconf 84' lang='lat' dir='ltr'>correctus</span> <span class='ocrx_word' id='word_1_192' title='bbox 1456 3806 1583 3885; x_wconf 88' lang='lat' dir='ltr'>est,</span> <span class='ocrx_word' id='word_1_193' title='bbox 1654 3806 1733 3869; x_wconf 89' lang='lat' dir='ltr'>ut</span> <span class='ocrx_word' id='word_1_194' title='bbox 1809 3806 1986 3886; x_wconf 85' lang='lat' dir='ltr'>prior</span> <span class='ocrx_word' id='word_1_195' title='bbox 2055 3822 2209 3886; x_wconf 89' lang='lat' dir='ltr'>pars</span> <span class='ocrx_word' id='word_1_196' title='bbox 2277 3806 2708 3871; x_wconf 89' lang='lat' dir='ltr'>continuetur</span> 
     </span>
     <span class='ocr_line' id='line_1_28' title="bbox 506 3925 2705 4010; baseline 0.001 -19"><span class='ocrx_word' id='word_1_197' title='bbox 506 3925 899 4007; x_wconf 89' lang='lat' dir='ltr'>Curculioni,</span> <span class='ocrx_word' id='word_1_198' title='bbox 967 3944 1123 4007; x_wconf 85' lang='lat' dir='ltr'>pars</span> <span class='ocrx_word' id='word_1_199' title='bbox 1169 3925 1380 3991; x_wconf 90' lang='lat' dir='ltr'>altera</span> <span class='ocrx_word' id='word_1_200' title='bbox 1426 3927 1763 3991; x_wconf 88' lang='lat' dir='ltr'>tribuatur</span> <span class='ocrx_word' id='word_1_201' title='bbox 1812 3925 2029 4007; x_wconf 91' lang='lat' dir='ltr'>militi,</span> <span class='ocrx_word' id='word_1_202' title='bbox 2078 3927 2192 4008; x_wconf 88' lang='lat' dir='ltr'>qui</span> <span class='ocrx_word' id='word_1_203' title='bbox 2240 3944 2339 3992; x_wconf 90' lang='lat' dir='ltr'>vs.</span> <span class='ocrx_word' id='word_1_204' title='bbox 2388 3928 2519 3992; x_wconf 88' lang='lat'>666</span> <span class='ocrx_word' id='word_1_205' title='bbox 2565 3945 2705 4010; x_wconf 87' lang='lat' dir='ltr'>par·</span> 
     </span>
     <span class='ocr_line' id='line_1_29' title="bbox 505 4018 2700 4130; baseline 0.001 -19"><span class='ocrx_word' id='word_1_206' title='bbox 505 4046 710 4112; x_wconf 87' lang='lat' dir='ltr'>ticula</span> <span class='ocrx_word' id='word_1_207' title='bbox 756 4048 871 4111; x_wconf 74' lang='lat' dir='ltr'>sed</span> <span class='ocrx_word' id='word_1_208' title='bbox 895 4048 1017 4125; x_wconf 92' lang='lat' dir='ltr'>(sic</span> <span class='ocrx_word' id='word_1_209' title='bbox 1064 4018 1241 4114; x_wconf 89' lang='lat' dir='ltr'>recte</span> <span class='ocrx_word' id='word_1_210' title='bbox 1267 4048 1575 4114; x_wconf 75' lang='lat' dir='ltr'>P1s&#39;ron1s</span> <span class='ocrx_word' id='word_1_211' title='bbox 1611 4065 1726 4128; x_wconf 89' lang='lat' dir='ltr'>pro</span> <span class='ocrx_word' id='word_1_212' title='bbox 1758 4047 1842 4130; x_wconf 84' lang='lat' dir='ltr'>et)</span> <span class='ocrx_word' id='word_1_213' title='bbox 1870 4048 1952 4113; x_wconf 91' lang='lat' dir='ltr'>ad</span> <span class='ocrx_word' id='word_1_214' title='bbox 1998 4048 2195 4113; x_wconf 87' lang='lat' dir='ltr'>aliam</span> <span class='ocrx_word' id='word_1_215' title='bbox 2243 4066 2385 4114; x_wconf 87' lang='lat' dir='ltr'>rem</span> <span class='ocrx_word' id='word_1_216' title='bbox 2434 4050 2700 4115; x_wconf 91' lang='lat' dir='ltr'>transit.</span> 
     </span>
    </p>

    <p class='ocr_par' dir='ltr' id='par_1_9' title="bbox 502 4166 2705 4493">
     <span class='ocr_line' id='line_1_30' title="bbox 598 4166 2705 4251; baseline 0.002 -19"><span class='ocrx_word' id='word_1_217' title='bbox 598 4166 819 4232; x_wconf 74' lang='lat' dir='ltr'>Gon&#39;rz</span> <span class='ocrx_word' id='word_1_218' title='bbox 865 4185 967 4233; x_wconf 88' lang='lat' dir='ltr'>vs.</span> <span class='ocrx_word' id='word_1_219' title='bbox 1017 4169 1147 4235; x_wconf 87' lang='lat'>665</span> <span class='ocrx_word' id='word_1_220' title='bbox 1195 4172 1417 4234; x_wconf 91' lang='lat' dir='ltr'>totum</span> <span class='ocrx_word' id='word_1_221' title='bbox 1466 4169 1581 4234; x_wconf 88' lang='lat' dir='ltr'>dat</span> <span class='ocrx_word' id='word_1_222' title='bbox 1632 4168 2058 4248; x_wconf 82' lang='lat' dir='ltr'>PhaedromO,</span> <span class='ocrx_word' id='word_1_223' title='bbox 2112 4188 2228 4251; x_wconf 87' lang='lat' dir='ltr'>pro</span> <span class='ocrx_word' id='word_1_224' title='bbox 2274 4188 2509 4236; x_wconf 84' lang='lat' dir='ltr'>verum</span> <span class='ocrx_word' id='word_1_225' title='bbox 2551 4172 2705 4237; x_wconf 91' lang='lat' dir='ltr'>scri-</span> 
     </span>
     <span class='ocr_line' id='line_1_31' title="bbox 505 4288 2700 4371; baseline 0.004 -19"><span class='ocrx_word' id='word_1_226' title='bbox 505 4288 666 4353; x_wconf 90' lang='lat' dir='ltr'>bens</span> <span class='ocrx_word' id='word_1_227' title='bbox 728 4288 925 4353; x_wconf 81' lang='lat' dir='ltr'>ultro.</span> <span class='ocrx_word' id='word_1_228' title='bbox 976 4288 1157 4370; x_wconf 79' lang='lat' dir='ltr'>Quod</span> <span class='ocrx_word' id='word_1_229' title='bbox 1200 4290 1712 4371; x_wconf 87' lang='lat' dir='ltr'>improbandum</span> <span class='ocrx_word' id='word_1_230' title='bbox 1763 4306 1912 4355; x_wconf 89' lang='lat' dir='ltr'>esse</span> <span class='ocrx_word' id='word_1_231' title='bbox 1957 4308 2073 4371; x_wconf 88' lang='lat' dir='ltr'>pro</span> <span class='ocrx_word' id='word_1_232' title='bbox 2119 4296 2300 4358; x_wconf 87' lang='lat' dir='ltr'>certo</span> <span class='ocrx_word' id='word_1_233' title='bbox 2347 4294 2509 4359; x_wconf 92' lang='lat' dir='ltr'>mihi</span> <span class='ocrx_word' id='word_1_234' title='bbox 2554 4311 2700 4360; x_wconf 92' lang='lat' dir='ltr'>con-</span> 
     </span>
     <span class='ocr_line' id='line_1_32' title="bbox 502 4410 2698 4493; baseline 0.003 -17"><span class='ocrx_word' id='word_1_235' title='bbox 502 4414 664 4477; x_wconf 88' lang='lat' dir='ltr'>stat.</span> <span class='ocrx_word' id='word_1_236' title='bbox 718 4410 892 4475; x_wconf 88' lang='lat' dir='ltr'>Nam</span> <span class='ocrx_word' id='word_1_237' title='bbox 936 4412 1258 4492; x_wconf 90' lang='lat' dir='ltr'>particula</span> <span class='ocrx_word' id='word_1_238' title='bbox 1305 4413 1480 4478; x_wconf 85' lang='lat' dir='ltr'>ultro</span> <span class='ocrx_word' id='word_1_239' title='bbox 1527 4413 1657 4478; x_wconf 92' lang='lat' dir='ltr'>huc</span> <span class='ocrx_word' id='word_1_240' title='bbox 1704 4430 1839 4478; x_wconf 92' lang='lat' dir='ltr'>non</span> <span class='ocrx_word' id='word_1_241' title='bbox 1876 4414 2198 4493; x_wconf 78' lang='lat' dir='ltr'>quadrat:</span> <span class='ocrx_word' id='word_1_242' title='bbox 2238 4414 2481 4481; x_wconf 90' lang='lat' dir='ltr'>dicitur</span> <span class='ocrx_word' id='word_1_243' title='bbox 2517 4417 2698 4482; x_wconf 92' lang='lat' dir='ltr'>enim</span> 
     </span>
    </p>
   </div>
  </div>
 </body>
</html>
