3459 5300
1788 568 1916 634 156

859 749 1105 816 Versui
1162 752 1247 817 67
1255 751 1296 814 6
1354 751 1411 815 Β
1471 751 1847 832 praemittit
1906 767 2258 832 personam
2317 751 2730 829 Phaedromi,
2776 756 2953 818 recte

761 872 965 937 ceteri
1011 870 1161 937 libri
1205 872 1606 938 continuant
1650 889 1924 939 versum
1976 874 2191 940 militi.

848 1133 949 1181 vs.
1015 1117 1146 1180 679
1209 1132 1349 1197 sqq.
1408 1116 1588 1182 Leno
1633 1133 1674 1180 a
1719 1118 2064 1200 trapezita,
2114 1136 2155 1183 a
2200 1136 2328 1199 quo
2371 1121 2727 1198 argentum
2773 1136 2950 1200 repe·

760 1236 942 1317 tivit,
1016 1236 1378 1302 revertitur
1443 1238 1584 1320 ipse
1646 1254 1879 1304 seeum
1938 1240 2217 1321 loquens
2278 1241 2359 1306 de
2422 1242 2952 1320 argentariorum

759 1359 936 1425 mala
980 1358 1141 1424 fide:

937 1465 1357 1559 Argentariis
1405 1479 1578 1545 male
1625 1479 1799 1546 credi
1844 1481 1959 1562 qui
2004 1481 2219 1559 aiunt,
2269 1499 2487 1563 nugas
2532 1484 2955 1565 praedicant-‚2

759 1602 890 1667 680
937 1601 1111 1667 Nam
1156 1604 1227 1667 et
1272 1602 1438 1666 bene
1483 1605 1555 1667 et
1602 1602 1775 1667 male
1820 1601 1997 1668 credi
2044 1603 2189 1669 dico
2208 1625 2223 1685 ;
2278 1604 2344 1669 id
2392 1605 2554 1670 adeo
2599 1621 2718 1686 ego
2764 1605 2953 1671 hodie

1634 1809 1639 1816 Ο
2297 1730 2640 1810 [expertus
2686 1744 2860 1792 sum.

937 1845 1085 1911 Non
1131 1845 1304 1911 male
1349 1846 1641 1913 creditur
1686 1847 1801 1928 qui
1850 1863 2221 1929 numquam
2267 1847 2575 1924 reddunt,
2622 1849 2737 1914 sed
2780 1866 2955 1930 pror-

2443 1974 2618 2048 [sum
2666 1970 2855 2051 perit.

936 2089 1061 2156 Vel
1119 2087 1246 2170 ille,
1310 2090 1538 2155 decem
1608 2090 1827 2155 minas
1890 2091 2052 2156 dum
2116 2089 2342 2167 solvit,
2389 2092 2610 2157 omnis
2678 2108 2950 2157 mensas

2545 2211 2859 2290 [transiit.

847 2333 990 2399 Hos
1053 2349 1291 2398 versus
1351 2334 1422 2398 et
1481 2333 1837 2398 LAMBINus
1883 2336 1955 2398 et
2000 2333 2255 2399 Ussme
2303 2333 2611 2416 (aliorum
2657 2334 2954 2399 virorum

717 2435 1103 2522 ‘doct-orum
1171 2454 1757 2536 interpretationes
1831 2455 1996 2519 mihi
2055 2473 2187 2520 non
2251 2455 2721 2539 innotuerunt)
2785 2455 2956 2520 male

757 2577 1180 2659 interpretari
1242 2576 1407 2640 mihi
1470 2575 1808 2641 videntur.
1880 2575 2105 2663 „Hoc”
2168 2576 2265 2641 ait
2310 2575 2667 2642 LAMBINus
2718 2576 2957 2661 „signi-

757 2699 914 2764 ficat
975 2700 1156 2764 leno:
1219 2698 1481 2764 credere
1544 2698 1895 2780 pecuniam
1958 2699 2356 2778 argentariis
2419 2716 2549 2764 non
2614 2702 2722 2765 est
2782 2698 2954 2765 male

758 2821 1036 2904 credere,
1101 2824 1180 2885 ut
1241 2818 1539 2886 nonnulli
1601 2819 1853 2884 dicunt.
1910 2819 2085 2885 Nam
2131 2819 2244 2900 qui
2291 2819 2463 2886 male
2506 2820 2716 2887 credit
2760 2820 2956 2886 alicui

758 2943 1127 3025 pecuniam,
1196 2959 1387 3024 spem
1448 2944 1677 3007 tamen
1742 2942 1944 3007 habet
1998 2941 2289 3022 aliquam
2337 2942 2784 3024 recuperandi,
2834 2958 2954 3007 neo

757 3081 1028 3147 prorsus
1088 3064 1338 3146 perdit:
1386 3068 1462 3128 at
1507 3063 1619 3144 qui
1665 3062 2063 3141 argentariis
2109 3061 2337 3137 credit,
2385 3080 2658 3143 prorsus
2701 3064 2951 3145 perdit;

758 3202 912 3265 ergo
960 3187 1302 3264 nugantur
1347 3184 1460 3266 qui
1505 3185 1700 3249 aiunt
1747 3183 2145 3262 argentariis
2191 3184 2364 3249 male
2409 3184 2648 3250 oredi’'.
2705 3184 2954 3250 Contra

761 3308 1042 3374 Ussmez
1127 3307 1347 3393 „Quod
1395 3305 1617 3387 ‚vulgo
1685 3305 1935 3384 dicunt,
2007 3304 2247 3386 inquit,
2318 3307 2713 3407 argentariis
2781 3307 2954 3372 male

758 3430 948 3513 credi,
999 3428 1063 3494 id
1111 3447 1244 3494 non
1290 3431 1470 3494 recte
1517 3428 1793 3508 dicitur3
1841 3427 2067 3508 potius
2114 3428 2466 3493 dicendum
2511 3431 2618 3494 est
2663 3440 2735 3494 et
2780 3428 2953 3494 male

758 3554 830 3616 et
898 3553 1063 3618 bene
1132 3549 1326 3616 credi.
1389 3550 1564 3615 Nam
1627 3548 1755 3633 (vs.
1820 3550 1944 3613 681
2015 3549 2167 3630 leqit
2226 3568 2379 3614 cum
2436 3550 2497 3613 E
2546 3548 2787 3635 „nam”
2836 3567 2951 3632 pro

767 3674 1012 3758 „non”)
1070 3672 1242 3739 male
1303 3672 1593 3738 creditur
1653 3672 1737 3752 ei,
1792 3671 1917 3764 *qui
1977 3670 2141 3736 nihil
2203 3670 2457 3752 reddit;
2524 3671 2632 3736 hic
2691 3670 2961 3751 quidem

759 3796 1026 3861 reddere
1095 3794 1306 3861 noluit
1379 3830 1447 3839 —
1517 3792 1845 3858 hactenus
1914 3792 2117 3871 igitur
2187 3792 2359 3857 male
2430 3792 2831 3858 credendum
2902 3791 2963 3856 ei

759 3920 905 3982 erat
962 3953 1056 4001 --,
1099 3916 1216 3982 sed
1265 3917 1602 3995 postremo
1641 3914 2012 3979 amicorum
2062 3913 2354 3978 consiliis
2402 3913 2731 3979 adductus
2777 3929 2967 3995 pecu-

759 4040 941 4104 niam
990 4037 1208 4120 solvit,
1265 4041 1338 4102 ut
1384 4036 1594 4101 etiam
1642 4036 1810 4101 bene
1856 4035 1916 4100 ei
1960 4034 2293 4100 creditum
2333 4024 2482 4102 esse
2521 4036 2650 4103 dici
2688 4034 2967 4118 possit’'.

849 4160 1015 4240 Quid
1058 4157 1485 4223 contenditur
1521 4173 1562 4221 a
1600 4154 1893 4220 lenone?
1934 4154 2365 4221 Adversatur
2402 4174 2632 4223 eorum
2657 4156 2966 4239 opinioni,

761 4282 873 4363 qui
935 4282 1297 4346 autumant
1356 4277 1752 4358 argentariis
1816 4277 1991 4342 male
2040 4277 2238 4354 credi,
2290 4280 2450 4359 quin
2500 4280 2708 4345 etiam
2755 4295 2971 4358 nugas

761 4403 904 4471 illos
968 4402 1339 4485 praedicare
1396 4400 1709 4466 affirmat.
1770 4398 1951 4481 Quod
2003 4404 2356 4466 asseverat
2406 4402 2596 4470 nisus
2645 4402 2747 4485 iis,
2797 4417 2968 4485 quae
