3459 5300
1344 1345 1718 1482 CAPUT
1780 1396 2026 1480 vm.

499 1915 510 1926 .
629 1853 735 1921 De
781 1852 1226 1922 Curculioniis
1273 1868 1451 1934 quae
1495 1851 1760 1920 dicitur
1802 1852 2150 1935 parabasi.
2187 1851 2738 1936 Topographica.

673 2041 792 2122 IV,
870 2041 929 2104 1.
1001 2039 1180 2121 Quae
1240 2054 1419 2104 nunc
1484 2037 1791 2120 sequitur
1851 2055 2116 2115 scaena,
2176 2037 2243 2102 in
2309 2041 2457 2104 tota
2514 2037 2785 2120 palliata

582 2162 782 2228 unica
843 2163 1094 2242 exstat,
1160 2177 1374 2241 neque
1429 2160 1672 2225 iniuria
1719 2159 1850 2224 viri
1894 2159 2071 2225 docti
2116 2177 2263 2225 eam
2312 2164 2785 2242 compararunt

583 2300 737 2349 cum
797 2281 1106 2364 parabasi
1152 2281 1470 2363 antiquae
1517 2281 1910 2347 comoediae.
1960 2281 2191 2346 Prodit
2233 2282 2415 2347 enim
2458 2283 2785 2362 choragus

581 2405 666 2470 ad
725 2406 1143 2484 spectatores
1202 2419 1276 2468 se
1337 2405 1739 2468 convertens
1786 2402 2011 2467 verbis
2053 2401 2139 2468 ad
2183 2402 2444 2468 fabulae
2490 2421 2782 2485 progres-

582 2546 736 2595 sum
798 2527 962 2592 nihil
1024 2526 1534 2607 pertinentibus.
1599 2526 1854 2592 Scaena
1913 2526 2314 2606 praesertim
2359 2526 2785 2609 topographis

581 2649 936 2716 notissima
996 2651 1122 2730 est,
1187 2647 1505 2729 quoniam
1553 2645 1633 2711 de
1677 2647 1913 2713 multis
1960 2647 2147 2713 urbis
2192 2648 2443 2714 Romae
2485 2649 2645 2715 locis
2689 2648 2785 2714 in-

579 2771 749 2837 dicia
792 2771 995 2836 habet
1041 2769 1216 2834 haud
1265 2770 1456 2850 parvi
1501 2769 1844 2834 momenti.
1896 2769 2137 2835 Totam
2181 2770 2574 2852 exscribam,
2616 2773 2785 2835 tunc

577 2894 818 2969 dicam,
863 2892 1022 2974 quid
1070 2891 1151 2957 de
1197 2890 1480 2969 singulis
1536 2907 1879 2955 censeam:

758 3014 1004 3096 Edepol
1038 3016 1432 3093 nugatorem
1471 3010 1765 3093 lepidum
1805 3012 2017 3093 lepide
2053 3012 2230 3078 hunc
2273 3015 2551 3078 nactust
2582 3013 2781 3078 Phae·

2374 3135 2691 3215 [dromus.

759 3258 1261 3338 Halophantam
1282 3273 1372 3321 an
1396 3256 1887 3338 sycophantam
1908 3256 2124 3335 magis
2140 3274 2289 3323 esse
2306 3258 2523 3323 dicam
2537 3257 2781 3323 nescio.

757 3380 1171 3446 Ornamenta
1216 3394 1386 3459 quae
1434 3374 1650 3443 locavi
1696 3379 1929 3442 metuo
1975 3379 2057 3442 ut
2101 3378 2354 3459 possim
2402 3377 2725 3458 recipere;

578 3499 712 3567 465
759 3501 1177 3583 Quamquam
1245 3515 1400 3564 cum
1463 3498 1633 3564 istoc
1694 3498 1860 3563 mihi
1920 3500 2145 3579 negoti
2212 3498 2379 3564 nihil
2448 3501 2588 3564 est:
2652 3499 2783 3580 ipsi

2256 3619 2691 3698 [Phaedromo

755 3742 1047 3825 Credidi;
1082 3745 1313 3808 tamen
1340 3742 1721 3807 asservabo.
1749 3741 1876 3807 Sed
1904 3742 2065 3807 dum
2089 3742 2198 3806 hic
2220 3742 2558 3822 egreditur
2579 3742 2778 3823 forae,

757 3863 1331 3944 Commonstrab0‚
1387 3878 1519 3942 quo
1566 3862 1638 3927 in
1685 3878 2017 3944 quemque
2062 3863 2405 3928 hominem
2450 3863 2643 3929 facile
2689 3865 2782 3930 in·

2165 3984 2483 4064 [veniatis
2530 3984 2691 4062 1000,

756 4111 856 4177 Ne
879 4109 1087 4175 nimio
1109 4123 1305 4189 opere
1327 4110 1558 4173 sumat
1582 4124 1853 4189 operam
1878 4108 2135 4190 siquem
2160 4111 2573 4174 conventum
2596 4110 2778 4194 velit,

757 4232 884 4297 Vel
923 4230 1248 4296 vitiosum
1283 4228 1392 4293 vel
1431 4228 1580 4294 sine
1603 4230 1787 4313 vitio,
1818 4229 1926 4295 vel
1948 4230 2228 4311 probum
2253 4230 2361 4295 vel
2380 4230 2779 4313 improbum.

577 4356 713 4421 470
760 4353 885 4434 Qui
907 4352 1250 4433 periurum
1275 4352 1634 4417 convenire
1658 4350 1798 4417 volt
1824 4352 2163 4417 hominem
2187 4352 2283 4418 ito
2306 4352 2378 4417 in
2399 4353 2778 4424 comitium3
