3459 5300
1579 542 1702 606 151

725 724 861 804 Ego
908 725 1338 805 pertimesco:
1390 724 1599 807 [tum]
1645 724 1739 788 ibi
1786 739 1895 787 me
1943 723 2164 788 nescio
2209 724 2360 805 quis
2406 726 2641 807 arripit

727 845 1061 910 Timidam
1117 849 1318 926 atque
1379 844 1715 925 pavidam,
1773 860 1894 908 nec
1940 843 2173 908 vivam
2218 861 2339 909 nec
2386 849 2742 913 mortuam.

633 965 853 1031 Gonrz
891 965 1378 1047 obtemperavit
1417 965 1871 1031 ancxmsnuo
1910 968 2065 1046 post
2102 983 2203 1031 νε.
2246 966 2543 1048 6441645
2576 968 2743 1035 lacu-

543 1103 705 1151 nam
765 1086 1116 1151 statuenti.
1178 1087 1386 1152 Recte
1433 1090 1666 1152 autem
1714 1086 1973 1152 Ussme
2018 1086 2174 1152 huic
2219 1088 2593 1154 sententiae
2640 1089 2744 1154 ad·

544 1210 857 1273 versatus
901 1210 1042 1273 est:
1096 1208 1244 1294 „illo
1289 1206 1478 1274 facile
1517 1225 1604 1274 ex
1642 1210 1970 1274 contextu
2008 1207 2423 1289 intelligitur,
2462 1210 2532 1275 in
2574 1227 2745 1291 spec-

544 1329 916 1394 taculorum
953 1329 1239 1412 locum,''
1277 1330 1345 1394 in
1387 1347 1548 1394 eum
1586 1330 1825 1410 locum,
1866 1328 1980 1394 ubi
2011 1328 2333 1412 Dionysia
2354 1332 2745 1411 agebantur.

547 1449 642 1515 Cf.
692 1449 856 1515 Cist.
908 1451 994 1515 89
1040 1468 1138 1532 sq.

634 1573 754 1638 Vs.
797 1573 927 1636 648
969 1573 1208 1638 merito
1248 1573 1650 1638 KAMPMANN
1687 1571 1937 1637 delevit
1974 1588 2210 1637 vocem
2240 1574 2418 1648 tuom
2444 1573 2747 1639 additum

545 1697 649 1760 est
695 1694 990 1760 adverbii
1037 1695 1130 1758 ibi
1173 1695 1545 1776 explicandi
1593 1711 1815 1760 causa.

635 1816 880 1882 Eodem
927 1834 1128 1882 versu
1176 1817 1421 1883 iniuria
1467 1818 1835 1900 probarunt
1876 1817 2053 1883 Bmx
2084 1816 2131 1901 ¹)
2172 1819 2242 1882 et
2282 1817 2537 1884 Ussma
2573 1819 2749 1884 LAM-

479 1936 490 1948 '
543 1956 685 2003 mm
721 1938 1171 2004 coniecturam
1209 1939 1462 2020 abripit
1501 1956 1618 2020 pro
1657 1940 1931 2020 arripit.
1974 1939 2245 2005 Confert
2282 1939 2459 2004 Bmx
2489 1957 2590 2004 νε.
2617 1939 2750 2005 650

543 2060 886 2125 abstulerit
931 2064 1002 2125 et
1049 2077 1150 2128 νε.
1204 2061 1336 2126 695
1382 2060 1626 2141 abripi,
1675 2077 1959 2141 quorum
2009 2059 2304 2126 locorum
2342 2061 2608 2126 diversa
2645 2065 2753 2128 est

543 2183 733 2248 ratic.
788 2182 914 2263 Qui
957 2181 1279 2258 aufertur,
1327 2183 1514 2265 prius
1561 2182 1920 2262 arripiatur
1969 2198 2240 2248 necesse
2286 2185 2413 2248 est.
2461 2183 2568 2248 Sic
2615 2184 2750 2249 Pla·

544 2304 806 2369 nesium
847 2307 1077 2370 narrat
1112 2305 1445 2386 quendam
1479 2321 1552 2370 se
1577 2304 1939 2385 arripuisse
1961 2308 2162 2386 atque
2185 2307 2336 2370 tum
2359 2305 2738 2371 abstulisse.

542 2426 658 2491 Vs.
725 2428 855 2491 695
912 2426 1264 2507 Cappadox
1311 2427 1615 2506 queritur
1659 2444 1793 2492 non
1843 2443 1916 2491 se
1960 2427 2180 2508 arripi,
2230 2427 2342 2492 sed
2388 2445 2462 2492 se
2508 2427 2737 2509 abripi.

540 2547 928 2628 Abripiendi
964 2548 1245 2616 verbum
1281 2548 1372 2612 ibi
1413 2550 1868 2614 necessarium
1898 2527 2025 2624 est,
2050 2565 2460 2631 quamquam
2484 2548 2739 2615 codices

535 2670 788 2736 habent
854 2672 1100 2753 arripi.
1159 2668 1265 2735 Ex
1330 2687 1432 2735 vs.
1495 2671 1627 2736 693
1690 2669 2003 2756 (‚‚collum
2062 2671 2421 2755 obstringe,
2486 2672 2738 2738 abduce

535 2791 821 2873 istum'')
873 2792 1293 2858 efficiendum
1340 2794 1448 2857 est
1492 2792 1800 2858 lenonem
1844 2792 2029 2873 prius
2075 2796 2519 2873 arreptum
2566 2810 2731 2877 esse,

538 2912 730 2994 idque
775 2913 890 2995 ita,
939 2915 1020 2977 ut
1065 2913 1305 2979 collum
1355 2914 1902 2993 obstringeretur,
1948 2930 2127 2979 nunc
2172 2914 2476 2994 abripi.

626 3173 726 3220 νε.
769 3156 900 3222 659
938 3174 1080 3237 sqq.
1121 3157 1566 3221 Personarum
1605 3156 2147 3222 distributionem
2183 3156 2256 3222 in
2293 3158 2489 3222 actus
2512 3158 2733 3239 quinti

535 3296 778 3345 scaena
848 3279 1136 3344 secunda
1197 3278 1412 3343 multa
1473 3252 1893 3344 contraxisse
1955 3277 2124 3341 vitia
2182 3277 2391 3343 etiam
2450 3294 2536 3342 ex
2598 3278 2732 3344 fine

533 3416 812 3466 scaenae
873 3403 1168 3483 apparet.
1226 3400 1845 3482 Therapontigonus
1892 3402 1963 3466 et
2005 3387 2392 3465 Planesium
2435 3400 2612 3465 inter
2657 3418 2731 3466 se

531 3524 971 3599 agnoverunt.
1036 3513 1489 3587 Phaedromus
1544 3526 1771 3603 sperat
1815 3520 1954 3587 fore
2001 3524 2079 3588 ut
2126 3521 2231 3586 dei
2276 3520 2407 3587 iliis
2451 3522 2517 3587 id
2564 3522 2730 3588 bene

533 3645 841 3707 vertant:

1471 3764 1540 3829 G.
1593 3764 1680 3829 Et
1722 3780 1844 3843 ego
1890 3764 2079 3830 nobis
2125 3764 2453 3830 omnibus.

532 3884 664 3949 660
710 3884 809 3948 'I'u
858 3887 937 3949 ut
982 3885 1173 3951 hodie
1217 3886 1581 3951 adveniens
1628 3903 1864 3951 cenam
1911 3886 2029 3952 des
2076 3887 2417 3963 soronam,

712 4005 838 4071 Hic
882 4006 1252 4087 nuptialem
1297 4024 1442 4074 cras
1486 4006 1690 4071 dabit.
1738 4006 2215 4088 promittimus.

712 4126 810 4191 Tu
858 4126 1078 4192 istanc
1121 4128 1449 4210 desponde
1495 4129 1668 4205 huic,
1716 4128 1926 4194 miles.
1974 4144 2095 4208 ego
2138 4128 2366 4193 dotem
2401 4127 2585 4195 dabo.

605 4382 661 4451 1)
697 4380 852 4436 Neue
886 4378 1211 4435 Jahrbiicher
1248 4382 1351 4437 101
1387 4401 1438 4454 p.
1477 4382 1597 4438 765.
