3459 5300
1258 1471 1934 1555 PRAEFATIO.

1424 1763 1765 1770 ———.—

587 1980 772 2044 Inter
831 1978 1054 2044 Plauti
1117 1978 1376 2044 fabulas
1439 1981 1578 2042 tres
1632 1978 1757 2043 hac
1804 1994 1875 2042 re
1921 1978 2247 2044 notabiles
2293 1982 2476 2053 sunt,
2525 1978 2695 2060 quod

497 2101 710 2167 multo
795 2104 959 2166 sunt
1032 2099 1367 2165 breviores
1434 2116 1638 2180 quam
1707 2103 1969 2166 ceterae
2038 2117 2297 2165 omnes:
2371 2099 2699 2180 Curculio,

497 2223 829 2304 EpidicuS‚
881 2219 1152 2286 Stichus
1200 2221 1638 2299 (Cistellariae
1682 2222 1754 2286 in
1795 2222 2178 2287 recensione
2219 2221 2524 2288 Palatina
2560 2223 2698 2287 fere

497 2345 628 2410 600
675 2361 914 2409 versus
953 2342 1252 2426 periere).
1293 2343 1388 2408 De
1433 2343 1676 2424 quibus
1725 2346 1964 2424 sponte
2010 2361 2082 2408 se
2129 2342 2323 2409 offert
2368 2343 2691 2428 quaestiO,

495 2470 728 2530 utrum
789 2465 882 2528 sic
941 2482 982 2528 a
1045 2464 1279 2528 Plauto
1327 2465 1617 2544 scriptae
1657 2465 1807 2529 'sint
1855 2482 1940 2529 an
1988 2465 2072 2528 ab
2118 2464 2337 2545 aliquo
2384 2467 2696 2530 retracta-

499 2591 640 2652 tore
699 2584 769 2648 in
831 2586 1100 2651 brevius
1162 2588 1546 2652 contractae
1599 2604 1688 2652 an
1736 2586 2019 2668 denique
2065 2603 2227 2652 casu
2271 2585 2490 2667 aliquo
2538 2603 2694 2652 non·

499 2707 680 2773 nulla
737 2707 1121 2773 exciderint.
1188 2708 1506 2788 Equidem
1557 2708 1637 2773 de
1685 2708 1954 2789 Epidico
2000 2707 2357 2789 Stichoqne
2405 2708 2512 2773 hic
2558 2726 2692 2774 non

497 2830 884 2911 disputab03
948 2846 1145 2907 agam
1200 2830 1672 2894 tantummodo
1720 2830 1800 2893 de
1857 2830 2268 2895 Curculione.
2333 2830 2544 2910 Quam
2603 2830 2692 2895 fa-

494 2951 716 3017 bulam
767 2951 963 3016 multi
1009 2951 1139 3015 viri
1185 2952 1383 3026 docti,
1434 2952 1612 3016 inter
1656 2969 1823 3033 quos
1871 2956 2033 3017 sunt
2082 2952 2325 3027 Gron‘rz,
2369 2952 2687 3035 R11313noK,

492 3076 795 3149 Limam«,
856 3076 1012 3151 LEO,
1075 3078 1324 3156 putant
1384 3075 1692 3140 consulto
1754 3075 2174 3140 decurtatam
2236 3090 2401 3138 esse.
2465 3076 2693 3154 Atque

493 3213 574 3263 ne
621 3197 1007 3261 recentioris
1054 3200 1328 3261 tantum
1377 3197 1625 3261 aetatis
1664 3196 1845 3260 viros
1883 3196 2112 3261 doctos
2152 3194 2514 3275 nominem,
2556 3194 2692 3258 iam

495 3317 706 3381 multo
766 3320 927 3382 ante
986 3318 1134 3382 illos
1197 3334 1521 3382 versuum
1575 3318 1988 3397 paucitatem
2036 3318 2322 3382 miratus
2368 3319 2516 3380 erat
2562 3315 2692 3381 GU-

492 3455 777 3503 nmmos
839 3438 1218 3513 CAn'rnnus,
1284 3440 1398 3518 qui
1449 3438 1616 3504 Nov.
1668 3439 1851 3504 Lect.
1899 3437 2010 3504 lib.
2058 3438 2156 3503 IV
2203 3456 2343 3520 cap.
2400 3439 2482 3502 10
2530 3438 2693 3502 haec

492 3559 750 3624 scribit:
806 3562 1044 3644 „atque
1091 3559 1407 3624 existimo
1453 3561 1764 3642 primum,
1817 3557 2277 3624 Curculionem
2316 3559 2690 3640 parasitum

491 3681 726 3745 habitu
788 3680 1058 3745 nautico
1122 3698 1242 3745 seu
1304 3682 1582 3759 marino,
1648 3681 2183 3762 quandoquidem
2246 3698 2282 3745 e
2338 3681 2529 3745 Caria
2576 3697 2693 3761 per

490 3819 673 3867 mare
735 3800 1146 3881 Epidaurum
1199 3802 1566 3882 appulerat,
1616 3803 1700 3867 ad
1748 3802 2084 3885 Lyconem
2134 3801 2539 3883 trapezitam
2586 3817 2692 3865 ve·

489 3924 690 3995 nisse,
754 3925 833 3986 ut
895 3925 1086 4002 patet
1145 3938 1230 3985 ex
1291 3923 1512 3986 verbis
1559 3923 1867 4001 Choragi:
1923 3921 2353 3997 Ornamenta‚
2403 3938 2570 4002 quae
2615 3920 2693 3984 lo·

489 4046 651 4124 cavi,
702 4044 918 4107 metuo
967 4046 1043 4106 ut
1081 4044 1338 4123 possim
1388 4046 1712 4125 recipere:
1760 4060 1837 4107 ac
1884 4046 2147 4123 pateret
2200 4042 2410 4107 etiam
2459 4042 2693 4119 magis,

492 4163 644 4238 nisi,
706 4163 879 4244 quod
943 4178 1206 4242 semper
1269 4163 1650 4243 suspicatus
1697 4182 1869 4245 sum,
1920 4163 2262 4245 aliquot
2308 4164 2377 4228 in
2426 4164 2549 4227 hac
2596 4179 2693 4226 co·

494 4284 753 4349 moedia
792 4301 1104 4349 scenae
1144 4284 1699 4363 desiderarentur,
1744 4288 1944 4349 actu
1979 4285 2255 4349 tertio
2278 4282 2695 4365 praesertim,

493 4407 608 4486 qui
655 4423 862 4470 unam
909 4406 1245 4469 duntaxat
1293 4406 1558 4469 habet.''
1635 4406 1736 4469 Me
1774 4423 2036 4485 quoque
2074 4422 2344 4469 censere
2382 4404 2503 4468 hoc
2538 4404 2697 4467 actu

2465 4524 2488 4569 1
