3459 5300
1806 567 1892 636 58

617 805 624 812 .
757 747 940 814 dives
982 766 1156 832 cum,
1208 751 1273 816 si
1317 768 1452 816 non
1499 751 1704 818 reddo
1750 752 1845 816 eis
1892 751 2136 834 quibus
2182 752 2461 828 dehibem

756 871 820 934 si
878 869 1098 953 reddo,
1149 887 1284 951 090
1332 874 1706 938 omnium
1771 874 2207 940 hominum
2267 892 2443 940 sum
2503 892 2959 958 pauper-ru-

2645 1002 2735 1076 [τη
2751 1015 2864 1063 ue.

756 1113 866 1180 ein
935 1114 1600 1194 ubergeschriebenes
1669 1118 1964 1184 scholion
2034 1119 2229 1186 hatte
2296 1120 2419 1186 das
2478 1119 2757 1200 richtige
2816 1137 2957 1186 ver·

756 1235 1068 1315 drangt.”

847 1357 1062 1438 Quam
1103 1356 1286 1425 viam
1323 1359 1824 1439 ingrediendam
1847 1378 1997 1427 esse
2017 1361 2173 1428 licet
2196 1377 2317 1440 ego
2340 1377 2601 1442 quoque
2622 1379 2953 1445 censeam,

757 1481 988 1544 tamen
1035 1479 1226 1560 plura
1272 1496 1512 1546 versus
1558 1481 1765 1547 verba
1804 1481 2043 1548 Plauto
2088 1482 2385 1549 vindico:
2433 1482 2684 1548 scilicet
2734 1483 2833 1568 „si
2874 1519 2947 1530 —

757 1601 1025 1676 debeo”‚
1087 1604 1366 1683 excepto
1432 1603 1718 1669 fortasse
1780 1603 2042 1685 quibus,
2104 1621 2221 1684 pro
2280 1621 2411 1686 quo
2470 1604 2685 1684 legere
2726 1605 2957 1671 malim

758 1742 958 1806 quae;
1023 1726 1300 1790 tantum
1364 1724 1553 1808 „plus
1614 1724 1814 1790 alieni
1874 1724 2026 1790 est-,⁹⁹
2090 1724 2385 1792 scholion
2440 1727 2603 1792 mihi
2651 1727 2955 1808 videtur;

757 1845 1076 1927 primitus
1120 1845 1472 1914 exstitisse
1517 1848 1837 1914 arbitror:
1891 1851 2009 1934 „ut
2054 1851 2204 1914 tum
2249 1866 2359 1914 res
2404 1866 2477 1914 se
2519 1850 2722 1915 habet
2734 1848 2812 1914 ?’'
2848 1850 2957 1915 Ad

757 1984 928 2049 quae
989 1967 1191 2033 verba
1252 1967 1442 2035 facile
1487 1969 1631 2035 fleri
1677 1970 1901 2050 potuit
1946 1973 2027 2035 ut
2074 1969 2431 2036 scholiasta
2475 1971 2717 2053 aliquis
2760 1971 2954 2038 ascri-

757 2090 976 2156 beret:
1035 2090 1222 2176 „plus
1266 2089 1464 2156 alieni
1511 2087 1685 2156 est.”
1736 2091 1889 2171 Ipse
1934 2091 2112 2174 Lyco
2158 2108 2231 2156 se
2275 2092 2665 2172 interrogat,
2702 2109 2854 2174 qua,
2896 2092 2955 2158 si

757 2211 1010 2292 reddat,
1077 2212 1454 2278 conditione
1513 2212 1787 2278 futurus
1852 2212 1963 2277 sit.
2026 2213 2150 2277 Per
2197 2214 2400 2278 breve
2443 2213 2765 2294 temporis
2811 2230 2954 2294 spa-

756 2334 935 2400 tium
993 2334 1284 2413 cogitare
1343 2333 1580 2414 incipit
1642 2333 1752 2415 (cf.
1812 2349 2051 2399 versus
2114 2333 2461 2416 sequentis
2536 2351 2728 2420 „cum
2792 2333 2955 2400 belle

756 2456 1136 2538 recogito”),
1187 2471 1271 2519 ex
1318 2472 1450 2536 qua
1495 2454 1969 2522 deliberatione
2015 2455 2237 2522 subito
2276 2455 2765 2537 expergiscitur
2798 2473 2955 2521 cum

762 2577 978 2642 valida
1029 2577 1543 2659 vehementique
1587 2577 2082 2644 exsecratione:
2138 2593 2413 2663 „verum
2465 2576 2679 2643 hercle
2730 2577 2956 2643 vero.”

755 2699 927 2776 Non,
988 2704 1068 2765 ut
1128 2700 1378 2782 opinor,
1441 2701 1681 2781 παρεὶς,
1736 2700 1906 2782 quod
1972 2701 2043 2765 in
2086 2700 2396 2781 sequenti
2442 2700 2686 2779 legitur
2730 2716 2954 2781 versu,

756 2839 881 2888 nos
940 2824 1022 2887 ut
1080 2821 1391 2888 lacunam
1455 2825 1845 2888 statuamus
1891 2837 2158 2886 movere
2205 2821 2433 2902 debet;
2483 2823 2591 2887 est
2634 2819 2741 2887 ille
2786 2837 2955 2887 com·

759 2945 1130 3025 parativus‚
1176 2944 1291 3026 qui
1335 2944 1618 3023 gradum
1663 2942 1869 3008 nimis
1914 2958 2237 3021 magnum
2280 2942 2552 3007 indicat.

853 3065 1013 3149 „Die
1095 3065 1461 3145 volgenden
1549 3066 1589 3129 3
1670 3063 1947 3139 Verse'’,
2013 3063 2111 3128 ait
2180 3064 2482 3129 Rmnnox
2556 3061 2951 3148 „377-379

758 3188 996 3255 habent
1053 3226 1115 3237 —
1174 3190 1450 3269 clarina,
1501 3187 1752 3253 welche
1796 3203 1967 3266 ganz
2014 3186 2304 3268 objectiv
2349 3204 2484 3252 von
2530 3186 2677 3252 dem
2720 3186 2951 3252 Faust-

757 3311 945 3376 recht
990 3311 1106 3375 der
1132 3309 1474 3376 Wechsler
1520 3309 1883 3382 berichten,
1930 3308 2170 3374 stehen
2217 3324 2453 3373 ausser
2490 3294 2637 3373 dem
2680 3308 2952 3374 Zusam·

758 3433 1092 3511 menhang
1155 3432 1291 3496 und
1353 3431 1672 3497 scheinen
1732 3447 1859 3494 aus
1918 3429 2159 3495 andrer
2216 3426 2437 3508 Quelle
2497 3428 2613 3493 der
2656 3426 2953 3493 Parallel·

758 3553 948 3620 stelle
1001 3554 1526 3633 beigeschrieben
1574 3570 1658 3618 zu
1705 3552 1873 3618 sein.
1920 3551 2102 3616 Aber
2145 3549 2316 3617 auch
2362 3551 2475 3615 der
2522 3551 2691 3615 Rest
2736 3551 2953 3616 dieses

758 3673 1094 3755 Monologs
1155 3676 1384 3741 macht
1444 3676 1573 3740 den
1630 3673 1969 3740 Eindruck
2016 3671 2453 3738 vereinzelter
2495 3673 2719 3739 Faden
2765 3672 2952 3737 eines

755 3798 1166 3879 aufgelosten
1251 3797 1639 3863 Gewebes.”
1747 3793 1845 3861 De
1921 3812 2027 3860 vs.
2114 3795 2197 3859 37
2208 3793 2471 3860 7—-379
2537 3795 2713 3859 idem
2780 3793 2954 3876 quod

757 3921 1058 3986 Rmnncx
1095 3921 1325 3986 censet
1364 3919 1522 3993 Lno,
1561 3918 1675 4000 qui
1718 3917 1883 3983 haec
1928 3919 2249 3982 annotat:
2300 3918 2603 4002 „aliunde
2648 3916 2955 3997 ascripti3

759 4059 977 4108 sermo
1040 4042 1134 4107 sic
1194 4041 1519 4122 procedit:
1584 4039 2015 4120 poscentibus
2075 4053 2211 4103 non
2275 4039 2583 4121 reddam;
2638 4039 2699 4105 si
2746 4037 2961 4118 magis

760 4165 1135 4243 instabunt,
1229 4162 1404 4244 apud
1495 4164 1874 4243 praetorem
1944 4158 2223 4235 solvam,
2295 4160 2394 4226 ita·
2460 4161 2556 4225 rei
2623 4156 2958 4241 parcam.''

763 4284 1047 4350 LANGEN
1118 4284 1399 4365 denique
1469 4299 1741 4365 prorsus
1812 4266 1980 4346 facit
2048 4296 2204 4345 cum
2274 4276 2617 4363 Gon'rz1o,'
2654 4280 2767 4363 qui
2836 4278 2959 4347 hoc

760 4404 954 4469 dicit:
1035 4422 1138 4490 „v.
1212 4404 1562 4472 375—381
1638 4404 1738 4467 ita
1804 4420 1845 4467 a
1916 4401 2153 4467 Plauto
2222 4402 2550 4483 profectos
2610 4420 2761 4469 esse
2821 4417 2954 4467 non
