3459 5300
1559 547 1644 610 49

593 725 956 808 Chrysalus
1027 742 1258 791 senem
1329 726 1480 791 vult
1537 726 1753 791 facere
1814 727 2095 791 arietem
2156 725 2393 790 Phrixi
2455 728 2540 790 et
2583 725 2710 791 ita

500 847 542 912 i.
571 864 627 912 e.
680 850 771 913 ‘et
816 847 994 912 illius
1038 847 1272 913 arietis
1319 847 1556 913 instar'
1605 865 1765 914 eum
1812 848 2104 914 tondere.
2148 837 2163 854 “

596 969 763 1034 Cist.
815 970 942 1036 671
995 987 1128 1050 sq.:

690 1089 837 1155 Nisi
883 1090 1040 1172 quid
1089 1091 1183 1154 mi
1221 1089 1365 1172 opis
1405 1091 1472 1156 di
1509 1091 1692 1175 dant,
1740 1091 2033 1172 disperii,
2060 1107 2273 1172 neque
2311 1090 2487 1155 unde
2526 1089 2709 1163 auxi÷

1778 1212 1977 1296 [lium
2022 1215 2343 1294 expetam
2389 1212 2618 1278 habeo,

685 1320 921 1415 Itaque
938 1330 979 1404 †
1026 1332 1402 1414 petulantia
1447 1351 1598 1399 mea
1646 1350 1755 1398 me
1802 1334 2010 1399 animi
2056 1334 2373 1398 miseram
2415 1333 2631 1399 habet.

599 1456 1020 1536 Quamquam
1079 1473 1178 1520 vs.
1242 1457 1373 1521 672
1439 1458 1795 1537 corruptus
1842 1455 2127 1536 videtur,
2156 1459 2389 1520 tamen
2438 1453 2713 1536 planum

510 1579 618 1642 est
662 1594 740 1642 eo
786 1594 919 1642 non
965 1577 1296 1642 contineri
1343 1595 1618 1643 causam
1656 1576 2197 1658 praecedentium
2244 1592 2497 1662 „neque
2536 1576 2713 1640 unde

513 1696 844 1762 auxilium
906 1701 1224 1778 expetam
1284 1698 1556 1765 habeo”.
1620 1699 1871 1764 Eodem
1934 1700 2129 1765 modo
2188 1697 2408 1764 locum
2456 1698 2713 1779 explico

513 1821 716 1900 atque
762 1820 918 1885 Aul.
965 1821 1117 1885 414.

605 1943 789 2008 Pers.
841 1943 972 2008 480
1103 1964 1154 2008 .:

696 2064 894 2129 Hunc
940 1961 1280 2131 hosginem
1325 2081 1444 2144 ego
1492 2065 1683 2131 hodie
1729 2065 1799 2129 in
1840 2067 2232 2130 trasennam
2272 2063 2485 2130 doctis
2522 2063 2720 2128 dedu-

2213 2187 2391 2270 [cam
2438 2185 2621 2267 dolis,‚

695 2307 934 2389 Itaque
980 2307 1137 2372 huic
1184 2307 1466 2373 insidiae
1512 2311 1787 2388 paratae
1836 2311 1997 2374 sunt
2045 2309 2264 2389 probe.

606 2429 816 2495 Recte
859 2429 1348 2511 interpretatur
1393 2430 1681 2496 Ussme:
1756 2433 1864 2516 „et
1907 2431 2023 2511 ita,
2073 2432 2157 2494 ut
2203 2431 2325 2495 hoc
2368 2429 2537 2494 effici
2576 2446 2718 2510 pos·

517 2549 672 2616 sit.”
737 2552 995 2631 Belgice
1056 2553 1462 2618 vertendum
1509 2556 1617 2618 est
1667 2553 1770 2619 ‘en
1821 2551 2599 2630 dienovereenkomstig'.
2649 2550 2715 2615 Si

517 2690 721 2739 causa
781 2673 1286 2753 significaretur,
1351 2674 1741 2756 praecedere
1786 2674 2070 2739 debebat
2121 2673 2415 2759 „confido
2461 2688 2569 2738 me
2614 2673 2715 2738 de·

519 2795 880 2860 ducturum
927 2795 1138 2862 esse”.
1194 2794 1288 2861 cf.
1341 2795 1533 2876 Capt.
1587 2796 1710 2860 167
1762 2813 1901 2878 sqq.

609 2919 806 2985 Poen.
863 2920 989 2985 198
1037 2936 1214 3001 sqq.:

599 3039 601 3041 ’
697 3042 888 3107 Inest
933 3042 1180 3107 amoris
1230 3040 1488 3107 macula
1532 3042 1689 3107 huic
1734 3040 1991 3107 homini
2037 3041 2107 3105 in
2160 3045 2443 3123 pectore,

685 3161 857 3229 vSine
904 3164 1147 3229 damno
1195 3180 1439 3243 magno
1486 3180 1656 3245 quae
1700 3161 1837 3228 elui
1885 3180 1970 3228 ne
2016 3164 2323 3244 utiquam
2369 3165 2613 3244 potest.

697 3286 935 3367 Itaque
981 3286 1089 3350 hic
1134 3283 1457 3350 scelestus
1504 3287 1610 3350 est
1656 3285 1853 3350 horno
1897 3284 2045 3349 leno
2090 3280 2329 3367 Lycus,

698 3408 863 3489 Quoi
910 3404 1047 3473 iam
1091 3406 1418 3472 infortuni
1462 3406 1729 3472 intenta
1776 3407 2117 3473 ballistast
2163 3408 2381 3491 probe,

700 3531 916 3611 Quam
960 3544 1081 3609 ego
1125 3528 1302 3594 haud
1350 3528 1564 3593 multo
1611 3532 1767 3610 post
1812 3530 2087 3594 mittam
2135 3546 2172 3594 e
2211 3529 2595 3595 ballistario.

612 3651 949 3734 Quomodo
1007 3668 1111 3716 vs,
1175 3651 1306 3715 200
1367 3667 1638 3717 causam
1695 3653 2036 3718 continere
2080 3652 2295 3733 possit
2340 3652 2721 3731 praeceden-

517 3777 714 3851 tium,
778 3774 1050 3840 omnino
1109 3789 1217 3837 me
1270 3772 1468 3851 fugit.
1511 3774 1749 3855 Itaque
1796 3775 1903 3840 hic
1950 3778 2055 3840 est
2104 3774 2429 3856 particula
2474 3774 2725 3839 conclu-

520 3898 776 3963 dentis:
825 3913 995 3979 erqo,
1046 3896 1282 3977 ἱρέων.
1332 3895 1582 3962 Servus
1619 3897 1781 3961 dicit
1819 3914 1930 3963 ero
1971 3914 2095 3963 suo
2134 3897 2357 3962 inesse
2394 3896 2728 3961 maculam

522 4021 790 4097 amoriS,
851 4035 1022 4100 quae
1086 4034 1328 4097 magno
1389 4036 1545 4083 cum
1609 4019 1852 4085 damno
1912 4017 2195 4084 el‘uenda
2257 4017 2368 4084 sit.
2424 4018 2595 4097 Ergo
2652 4053 2714 4064 —

523 4144 875 4223 exspectas
922 4157 1105 4205 nunc
1148 4139 1393 4221 aliquid
1443 4139 1698 4205 dictum
1737 4140 1817 4204 iri
1856 4140 1937 4205 de
1962 4156 2097 4216 ero,
2123 4139 2241 4205 sed
2267 4138 2727 4215 ἀπροσδοκήτως

522 4264 676 4330 illud
746 4263 1068 4328 damnum
1121 4262 1526 4327 transfertur
1571 4261 1653 4326 ad
1700 4261 2027 4343 lenonem,
2090 4298 2153 4307 —
2215 4261 2363 4327 leno
2410 4261 2734 4327 scelestus

527 4387 654 4451 i.e.
706 4384 954 4450 ‘miser'
1001 4386 1128 4449 est.

2462 4505 2495 4550 4
