3459 5300
1737 557 1865 621 136

688 738 839 818 quis
898 755 973 802 os
1027 736 1155 802 sibi
1201 737 1615 804 subleverit?
1661 737 2037 804 Curculioni
2081 743 2475 805 narraverat
2521 741 2774 824 Lyconi
2821 758 2893 807 se

689 859 1065 936 mandasse,
1128 862 1207 925 ut
1268 858 1456 925 daret
1517 877 1804 944 operam,
1870 863 1950 926 ut
1997 861 2183 940 virgo
2231 862 2607 929 traderetur
2652 863 2727 938 ei,
2781 864 2895 945 qui

689 980 969 1046 tabellas
1007 998 1129 1046 suo
1164 981 1362 1047 anulo
1400 981 1787 1061 obsignatas
1824 999 1865 1048 a
1903 999 1975 1047 se
2004 983 2347 1049 attulisset
2374 983 2498 1068 (vs.
2528 985 2659 1050 346
2686 986 2888 1068 sqq.);

690 1100 994 1168 Curculio
1040 1105 1194 1182 post
1239 1119 1473 1168 cenam
1519 1103 1742 1169 subito
1790 1103 2077 1186 abierat3
2125 1109 2277 1186 post
2316 1105 2727 1173 Curculionis
2767 1107 2891 1173 dis-

689 1239 954 1290 cessum
1007 1225 1208 1290 anulo
1255 1225 1601 1305 privatum
1645 1242 1719 1291 se
1766 1230 2178 1307 compererat
2195 1247 2210 1308 ;
2261 1227 2565 1294 Curculio
2610 1229 2891 1311 denique

688 1345 1087 1428 Epidaurius
1142 1350 1290 1411 erat
1349 1349 1552 1427 atque
1613 1347 1708 1412 rei
1774 1347 2215 1416 sciscitandae
2268 1348 2776 1431 cupidissimum
2822 1368 2893 1416 se

688 1470 1020 1546 gesserat:
1114 1471 1196 1533 ut
1263 1467 1496 1549 opinor
1564 1467 1987 1534 sufficiebant
2057 1469 2220 1535 haec
2286 1472 2366 1535 ut
2429 1470 2890 1538 Curculionem

688 1584 878 1652 illum
923 1587 1048 1653 sibi
1088 1588 1407 1654 nexuisse
1445 1588 1670 1654 dolum
1708 1587 2125 1669 intelligeret.
2167 1589 2489 1674 Primum,
2516 1609 2672 1659 cum
2710 1593 2890 1678 Lyco

690 1708 817 1774 sibi
878 1713 1199 1786 narraret,
1247 1710 1400 1792 quid
1449 1710 1709 1776 factum
1756 1712 1957 1787 esset,
2006 1711 2185 1776 hunc
2230 1728 2303 1778 se
2350 1713 2647 1794 decipere
2692 1716 2891 1781 credi-

688 1832 897 1908 derat,
963 1850 1141 1899 nunc
1194 1837 1443 1916 autem,
1493 1851 1650 1898 cum
1695 1833 1847 1900 leno
1892 1833 2126 1899 eadem
2170 1839 2672 1918 commemorat,
2722 1836 2887 1918 cogi·

688 1956 832 2019 tare
879 1955 1113 2035 incipit
1159 1960 1282 2031 (vs.
1334 1955 1462 2020 583
1507 1972 1701 2040 „cum
1743 1954 2028 2034 cogito”)
2066 1959 2137 2021 et
2174 1955 2514 2038 extemplo
2552 1957 2884 2040 intelligit,

688 2075 838 2157 quis
878 2077 993 2152 sit,
1032 2076 1145 2157 qui
1185 2077 1389 2142 verba
1431 2077 1557 2142 sibi
1595 2077 1872 2142 dederit.
1905 2077 2001 2143 Of.
2044 2078 2189 2143 Ter.
2224 2078 2393 2143 Eun.
2425 2079 2589 2146 727:
2641 2082 2884 2165 „Attat

687 2195 845 2265 data
888 2195 1104 2261 hercle
1152 2199 1354 2262 verba
1402 2198 1565 2263 mihi
1612 2199 1819 2263 sunt''
1866 2202 2069 2280 atque
2116 2199 2363 2265 Donati
2410 2201 2756 2267 annotatio
2799 2202 2881 2267 ad

688 2317 866 2381 hunc
935 2335 1239 2385 versum:
1319 2321 1540 2404 „attat
1610 2319 1984 2386 interiectio
2053 2323 2160 2386 est
2219 2320 2546 2402 paulatim
2590 2321 2883 2403 percepti

687 2442 890 2520 atque
937 2440 1258 2506 intellecti
1306 2440 1532 2507 mali.’'
