3459 5300
1286 1378 1658 1463 CAPUT
1725 1379 1875 1462 IV.

1403 1635 1743 1645 ———-—.

533 1829 636 1897 De
677 1829 1117 1899 Curculionis
1161 1833 1321 1899 actu
1367 1829 1670 1899 secundo
1718 1827 2180 1896 continuatur
2223 1826 2635 1910 disputatio.

535 2016 788 2082 ,Venio
847 2017 984 2081 i'am
1039 2016 1122 2088 ad
1170 2016 1601 2097 explicandos
1647 2031 1888 2080 versus
1938 2012 2313 2078 240-243,
2366 2011 2684 2078 Omnium

483 2138 777 2220 primum
847 2138 1070 2214 miror,
1139 2156 1268 2220 quo
1335 2141 1733 2218 argumento
1806 2136 2027 2203 Gomz
2090 2135 2219 2200 sibi
2279 2133 2686 2216 persuaserit

484 2259 871 2326 Palinurum
925 2260 1148 2325 lenoni
1195 2263 1538 2327 auctorem
1582 2276 1754 2336 esse,
1802 2262 1883 2324 ut
1928 2275 2045 2340 per
2090 2273 2334 2338 paucos
2380 2256 2519 2321 dies
2566 2253 2684 2320 sai-

485 2382 814 2448 samentis
883 2380 1358 2448 abstineat.
1424 2382 1561 2447 Vix
1623 2380 1887 2446 credere
1946 2395 2225 2461 possum
2286 2395 2440 2442 eum
2503 2376 2686 2442 illam

481 2501 1038 2581 significationem
1100 2504 1321 2568 inesse
1382 2504 1450 2567 in
1513 2503 1714 2567 verbo
1760 2500 2158 2583 perdurandi
2204 2503 2475 2581 putare:
2524 2513 2684 2562 nam
2759 2556 2767 2563 .

472 2623 783 2707 perdura
843 2624 1006 2690 nihil
1067 2623 1245 2690 aliud
1307 2628 1414 2690 est
1458 2642 1662 2707 quam
1711 2623 2041 2692 Graecum
2092 2621 2386 2701 καρτέρει.
2435 2621 2685 2688 Servus

479 2745 699 2811 lenoni
740 2752 888 2827 post
911 2746 1054 2811 eius
1085 2748 1530 2827 querimonias
1555 2746 1795 2811 suadet
1820 2746 2235 2811 neanimum
2258 2743 2682 2826 despondeat.

482 2867 712 2949 Neque
757 2868 1030 2933 omnino
1077 2885 1234 2933 cum
1282 2867 1571 2933 Gouero
1617 2868 1833 2932 facere
1882 2885 2159 2948 possum
2204 2868 2274 2931 in
2321 2865 2685 2931 statuenda

480 2989 738 3055 lacuna.
782 2988 910 3055 Sed
951 3006 1052 3054 vs.
1097 2990 1226 3053 242
1267 2992 1658 3071 corruptum
1697 2985 1845 3055 e'sse
1883 2987 2237 3068 existim03
2277 2987 2525 3066 corrigo
2550 2986 2680 3052 sic:

488 3112 826 3197 „nondum
874 3110 1019 3194 (hoc
1057 3129 1208 3176 cum
1248 3090 1648 3195 Luchsio)
1679 3108 1726 3195 ¹)
1766 3109 2062 3177 salsurae
2101 3113 2209 3176 sat
2250 3111 2419 3176 bona
2453 3108 2683 3191 sunt‚''

482 3233 524 3298 i.
565 3249 622 3298 e.
694 3233 995 3298 nondum
1064 3232 1233 3297 satis
1301 3236 1464 3297 sunt
1535 3232 1805 3313 putida3
1875 3231 2083 3297 etiam
2144 3231 2476 3312 putidiora
2535 3246 2685 3295 esse

481 3354 748 3428 debent,
788 3357 868 3418 ut
909 3354 1156 3419 bonum
1195 3370 1432 3433 garum
1470 3369 1555 3417 ex
1593 3352 1677 3418 iis
1715 3352 2085 3433 comparari
2123 3351 2356 3434 possit.
2397 3352 2493 3416 De
2529 3367 2684 3431 garo

479 3491 563 3539 ex
610 3475 864 3557 putidis
911 3475 1197 3556 piscium
1243 3474 1591 3539 intestinis
1637 3474 1813 3540 facto
1851 3473 1932 3539 cf.
1974 3472 2141 3538 Plin.
2186 3474 2271 3537 H.
2314 3473 2397 3538 N.
2437 3472 2687 3537 XXXI

481 3600 518 3675 ἓ
565 3596 683 3661 93:
762 3596 975 3682 „aliud
1045 3596 1437 3662 etiamnunc
1505 3596 1780 3677 liquoris
1849 3595 2171 3677 exquisiti
2237 3611 2451 3674 genus
2512 3594 2713 3675 quod·

479 3734 715 3798 garum
777 3734 1118 3793 vocavere,
1183 3716 1530 3782 intestinis
1589 3718 1873 3798 piscium
1921 3718 2292 3798 ceterisque
2339 3732 2507 3797 quae
2556 3716 2687 3781 abi-

477 3839 709 3906 cienda
769 3842 1000 3905 essent
1063 3839 1199 3904 sale
1262 3838 1636 3919 maceratiS‚
1703 3842 1783 3903 ut
1847 3838 1939 3903 sit
1996 3836 2105 3902 illa
2152 3837 2686 3918 putrescentium

476 3959 765 4027 sanies.”
821 3960 930 4048 „Si
968 3962 1033 4025 id
1079 3960 1357 4026 feceris”
1406 3960 1621 4041 pergit
1668 3959 2024 4025 Palinurus
2076 3960 2347 4043 „venire
2392 3959 2684 4041 poteris'’

477 4083 684 4165 quid?
749 4083 1054 4148 Carene?
1119 4084 1262 4149 Hoc
1332 4082 1652 4147 nimirum
1714 4084 2169 4166 exspectatur,
2242 4082 2485 4164 quippe
2530 4099 2686 4147 cum

474 4204 730 4270 lenonis
802 4205 1070 4271 animus
1140 4206 1330 4269 totus
1401 4204 1493 4269 sit
1561 4204 1631 4267 in
1701 4220 1852 4269 care
1925 4204 2254 4270 vendendi
2322 4207 2503 4287 arte;
2570 4206 2686 4271 sed

543 4431 600 4500 1)
637 4428 862 4485 Hermes
901 4428 1041 4484 V111
1079 4448 1127 4502 p.
1167 4431 1286 4485 117.
