3459 5300
1556 593 1642 658 53

489 773 1099 851 freundschaftlich‚
1149 775 1320 841 nach
1364 774 1514 840 dem
1567 775 1989 842 Grundsatze
2030 777 2289 842 ·‘omnia
2327 779 2699 846 amicorum

490 894 919 972 communia’‚
984 895 1140 962 dass
1199 914 1270 961 er
1332 896 1690 963 denselben
1739 885 2089 963 Uberfluss
2134 915 2223 964 an
2272 897 2699 982 Geldmangel

491 1018 660 1084 habe
706 1018 835 1084 wie
883 1015 1036 1085 du’'.

584 1263 687 1311 vs.
737 1244 888 1310 337.
951 1244 1276 1321 Curculio,
1325 1249 1685 1328 postquam
1734 1248 2059 1328 comperit
2106 1248 2270 1312 nihi]
2318 1266 2391 1314 se
2438 1250 2702 1330 argenti

495 1369 925 1449 accepturum
985 1383 1156 1443 esse,
1217 1367 1361 1432 abit
1421 1367 1506 1433 ad
1552 1368 1775 1434 forum
1822 1384 2017 1447 aegre
2063 1369 2282 1434 ferens
2329 1370 2581 1436 frustra
2628 1388 2701 1436 se

495 1488 782 1554 venisse.
853 1488 981 1554 Sed
1052 1489 1246 1570 plane
1315 1490 1747 1572 inexpectata
1817 1490 2051 1554 incidit
2117 1507 2245 1555 res.
2316 1491 2531 1572 Quam
2605 1491 2702 1557 sic

496 1613 726 1676 narrat
745 1634 758 1672 :

1850 1718 2051 1784 Forte
2097 1718 2348 1800 aspicio
2395 1718 2699 1784 militem.

675 1837 1046 1917 Aggredior
1092 1837 1455 1914 hominem,
1505 1836 1724 1904 saluto
1770 1837 2155 1904 adveniens.

589 1961 778 2026 Vidit
825 1959 1170 2026 Samum
1203 1957 1253 2044 ¹)
1300 1960 1481 2025 inter
1519 1960 1642 2025 hos
1680 1978 1921 2026 versus
1958 1961 2205 2042 aliquid
2246 1960 2699 2026 intercidisse:

501 2082 844 2170 „Curculio
906 2083 986 2148 de
1033 2082 1266 2160 milite,
1315 2083 1387 2149 in
1435 2099 1635 2164 quem
1682 2083 1752 2147 in
1802 2083 1997 2149 Caria
2044 2101 2116 2149 se
2162 2083 2472 2148 incidisse
2519 2082 2697 2166 dicit,

493 2204 592 2269 ita
653 2205 858 2270 verba
920 2205 1080 2271 facit
1143 2208 1222 2270 ut
1285 2205 1366 2271 de
1412 2205 1683 2271 homine
1729 2207 1801 2270 et
1850 2205 1977 2270 sibi
2024 2208 2096 2269 et
2143 2204 2551 2271 Phaedromo
2597 2222 2703 2271 no-

491 2326 783 2391 tissimo.
849 2325 1058 2391 Cuius
1119 2325 1374 2409 militis,
1441 2329 1522 2391 ut
1573 2326 1767 2393 hodie
1814 2326 2036 2391 fabula
2082 2326 2153 2390 in
2199 2324 2384 2391 libris
2429 2325 2691 2404 legitur,

494 2464 831 2528 nusquam
877 2449 1035 2512 ante
1080 2447 1258 2513 hunc
1301 2446 1522 2513 locum
1572 2447 1648 2512 fit
1698 2447 1969 2514 mentio.
2042 2447 2217 2513 Fieri
2264 2465 2428 2513 sane
2473 2449 2695 2529 potuit
2818 2457 2823 2461 ⁴

492 2568 562 2632 in
625 2569 723 2634 eis
769 2585 936 2651 quae
981 2569 1159 2634 inter
1203 2569 1286 2634 II.
1339 2571 1396 2633 2.
1447 2572 1530 2634 23
1578 2573 1673 2657 et·
1701 2569 1789 2633 24
1833 2569 2158 2635 excidisse
2203 2574 2383 2635 recte
2428 2570 2694 2636 videtur

492 2689 965 2755 Fleckeisenus
1027 2691 1354 2771 sensisse;
1413 2691 1529 2756 sed
1575 2691 1847 2757 etiamsi
1894 2690 2071 2757 facta
2116 2694 2243 2767 est,
2294 2698 2528 2757 tamen
2573 2692 2691 2757 vix

490 2811 606 2891 ita,
659 2813 739 2876 ut
784 2811 1239 2877 Phaedromus
1285 2812 1610 2877 adfuerit:
1662 2830 1822 2878 nam
1867 2830 1999 2894 qua
2045 2813 2174 2878 alia
2218 2812 2298 2879 de
2335 2830 2539 2878 causa
2576 2813 2691 2878 mi·

487 2930 628 2997 litis
672 2932 971 2997 absentis
1018 2932 1429 2998 Phaedromo
1477 2938 1830 3016 praesente
1880 2934 2134 3000 mentio
2180 2935 2479 3000 facienda
2523 2937 2687 3016 erat,

489 3054 621 3119 nisi
667 3057 749 3120 ut
793 3054 984 3119 illum
1024 3054 1405 3121 Planesium
1445 3057 1733 3122 amicam
1774 3056 2149 3123 destinasse
2188 3058 2427 3122 certior
2449 3058 2640 3123 fieret
2656 3060 2691 3123 ‘?

489 3174 585 3239 De
647 3176 772 3241 hac
831 3179 1062 3241 autem
1117 3193 1187 3241 re
1234 3177 1724 3244 Phaedromum
1773 3178 1938 3243 nihil
1985 3181 2403 3260 compertum
2449 3178 2689 3244 habere

487 3296 641 3362 inde
699 3299 978 3378 apparet
1039 3297 1212 3378 quod
1274 3298 1356 3362 II.
1407 3299 1470 3362 3.
1523 3299 1607 3365 78
1668 3298 1953 3364 militem
1998 3299 2070 3364 in
2117 3299 2260 3365 alea
2305 3299 2689 3365 Planesium

487 3419 564 3482 ut
632 3433 894 3482 amores
963 3435 1122 3483 suos
1188 3418 1610 3485 invocavisse
1681 3421 1962 3485 audiens
2024 3422 2321 3486 maxime
2382 3420 2685 3486 miratur.

488 3536 716 3619 Neque
771 3510 980 3617 igitur
1025 3539 1292 3604 videtur
1339 3539 1644 3607 Curculio
1689 3541 1835 3607 sine
1882 3541 2010 3607 alia
2057 3544 2235 3617 nota,
2285 3558 2370 3606 ne
2417 3542 2687 3607 nomine

486 3660 753 3739 quidem
811 3660 1054 3738 addito,
1105 3664 1182 3726 ut
1231 3665 1470 3728 notum
1516 3663 1859 3730 hominem
1906 3679 2101 3745 posse
2146 3680 2686 3730 commemorare.

487 3781 668 3861 Quae
715 3782 772 3846 si
820 3785 1000 3847 recte
1048 3782 1398 3865 disputata
1444 3787 1628 3865 sunt,
1668 3784 1915 3865 aliquid
1953 3785 2130 3850 inter
2154 3801 2393 3850 versus
2421 3784 2685 3851 58-59

487 3903 813 3969 excidisse
862 3920 1129 3970 necesse
1175 3909 1301 3987 est,
1351 3906 1563 3972 fuisse
1607 3910 1840 3972 autem
1880 3907 2103 3987 potest
2143 3904 2275 3970 tale
2315 3906 2471 3987 quid
2513 3907 2681 3973 fere:

2308 4026 2595 4092 militem

491 4144 1188 4227 [Therapontigonum
1238 4150 1350 4230 qui
1395 4166 1572 4215 anno
1617 4153 1765 4214 erat
1810 4149 1950 4215 hic:
1993 4147 2344 4214 novistin?
2388 4185 2467 4195 —
2511 4148 2685 4215 Novi

2246 4273 2319 4336 et
2364 4271 2589 4349 scio]”.

557 4423 614 4490 1)
651 4421 799 4477 Stud.
838 4421 1011 4478 Plaut.
1047 4441 1098 4495 p.
1140 4424 1204 4476 15
1243 4442 1319 4497 sq.
