<?xml version="1.0" encoding="UTF-8"?>
<!DOCTYPE html PUBLIC "-//W3C//DTD XHTML 1.0 Transitional//EN"
    "http://www.w3.org/TR/xhtml1/DTD/xhtml1-transitional.dtd">
<html xmlns="http://www.w3.org/1999/xhtml" xml:lang="en" lang="en">
 <head>
  <title>
</title>
<meta http-equiv="Content-Type" content="text/html;charset=utf-8" />
  <meta name='ocr-system' content='tesseract 3.04.00' />
  <meta name='ocr-capabilities' content='ocr_page ocr_carea ocr_par ocr_line ocrx_word'/>
</head>
<body>
  <div class='ocr_page' id='page_1' title='image "./deplauticurculi00bossgoog_0142.png"; bbox 0 0 3459 5300; ppageno 0'>
   <div class='ocr_carea' id='block_1_1' title="bbox 1737 575 1865 641">
    <p class='ocr_par' dir='ltr' id='par_1_1' title="bbox 1737 575 1865 641">
     <span class='ocr_line' id='line_1_1' title="bbox 1737 575 1865 641; baseline 0.008 -1"><span class='ocrx_word' id='word_1_1' title='bbox 1737 575 1865 641; x_wconf 89' lang='lat'>130</span> 
     </span>
    </p>
   </div>
   <div class='ocr_carea' id='block_1_2' title="bbox 688 753 2897 2175">
    <p class='ocr_par' dir='ltr' id='par_1_2' title="bbox 692 753 2897 1324">
     <span class='ocr_line' id='line_1_2' title="bbox 697 753 2897 841; baseline 0.001 -21"><span class='ocrx_word' id='word_1_2' title='bbox 697 753 966 835; x_wconf 85' lang='lat' dir='ltr'>signum</span> <span class='ocrx_word' id='word_1_3' title='bbox 1005 755 1260 832; x_wconf 87' lang='lat' dir='ltr'>militis,</span> <span class='ocrx_word' id='word_1_4' title='bbox 1299 760 1502 838; x_wconf 85' lang='lat' dir='ltr'>atque</span> <span class='ocrx_word' id='word_1_5' title='bbox 1541 758 1569 822; x_wconf 97' lang='lat' dir='ltr'><strong>I</strong></span> <span class='ocrx_word' id='word_1_6' title='bbox 1609 763 1678 823; x_wconf 91' lang='lat' dir='ltr'>et</span> <span class='ocrx_word' id='word_1_7' title='bbox 1715 758 1918 824; x_wconf 89' lang='lat' dir='ltr'>editio</span> <span class='ocrx_word' id='word_1_8' title='bbox 1957 760 2264 841; x_wconf 86' lang='lat' dir='ltr'>princeps</span> <span class='ocrx_word' id='word_1_9' title='bbox 2286 759 2491 826; x_wconf 82' lang='lat' dir='ltr'>verba</span> <span class='ocrx_word' id='word_1_10' title='bbox 2516 757 2689 840; x_wconf 78' lang='lat' dir='ltr'>quod</span> <span class='ocrx_word' id='word_1_11' title='bbox 2710 775 2897 823; x_wconf 79' lang='lat' dir='ltr'>man·</span> 
     </span>
     <span class='ocr_line' id='line_1_3' title="bbox 695 875 2896 963; baseline 0.001 -22"><span class='ocrx_word' id='word_1_12' title='bbox 695 875 877 942; x_wconf 68' lang='lat' dir='ltr'>dasii</span> <span class='ocrx_word' id='word_1_13' title='bbox 911 895 962 942; x_wconf 81' lang='lat' dir='ltr'>e.</span> <span class='ocrx_word' id='word_1_14' title='bbox 989 895 1049 959; x_wconf 80' lang='lat' dir='ltr'>q.</span> <span class='ocrx_word' id='word_1_15' title='bbox 1074 896 1129 942; x_wconf 78' lang='lat' dir='ltr'>s.</span> <span class='ocrx_word' id='word_1_16' title='bbox 1173 878 1484 944; x_wconf 90' lang='lat' dir='ltr'>tribuunt</span> <span class='ocrx_word' id='word_1_17' title='bbox 1509 879 1779 962; x_wconf 89' lang='lat' dir='ltr'>Lyconi.</span> <span class='ocrx_word' id='word_1_18' title='bbox 1814 879 1940 946; x_wconf 89' lang='lat' dir='ltr'>Pro</span> <span class='ocrx_word' id='word_1_19' title='bbox 1966 881 2179 961; x_wconf 89' lang='lat' dir='ltr'>priore</span> <span class='ocrx_word' id='word_1_20' title='bbox 2202 880 2331 963; x_wconf 81' lang='lat' dir='ltr'>feci</span> <span class='ocrx_word' id='word_1_21' title='bbox 2352 880 2383 945; x_wconf 94' lang='lat' dir='ltr'><strong>I</strong></span> <span class='ocrx_word' id='word_1_22' title='bbox 2407 882 2567 946; x_wconf 89' lang='lat' dir='ltr'>ante</span> <span class='ocrx_word' id='word_1_23' title='bbox 2592 895 2896 945; x_wconf 89' lang='lat' dir='ltr'>rasuram</span> 
     </span>
     <span class='ocr_line' id='line_1_4' title="bbox 695 998 2897 1084; baseline 0 -20"><span class='ocrx_word' id='word_1_24' title='bbox 695 1000 766 1064; x_wconf 91' lang='lat' dir='ltr'>et</span> <span class='ocrx_word' id='word_1_25' title='bbox 827 998 891 1064; x_wconf 92' lang='lat' dir='ltr'><strong>V</strong></span> <span class='ocrx_word' id='word_1_26' title='bbox 950 1002 1023 1066; x_wconf 90' lang='lat' dir='ltr'>et</span> <span class='ocrx_word' id='word_1_27' title='bbox 1073 1000 1276 1066; x_wconf 89' lang='lat' dir='ltr'>editio</span> <span class='ocrx_word' id='word_1_28' title='bbox 1320 1000 1626 1083; x_wconf 87' lang='lat' dir='ltr'>princeps</span> <span class='ocrx_word' id='word_1_29' title='bbox 1672 1001 1926 1068; x_wconf 85' lang='lat' dir='ltr'>habent</span> <span class='ocrx_word' id='word_1_30' title='bbox 1970 1003 2204 1084; x_wconf 72' lang='lat' dir='ltr'>fecisti.</span> <span class='ocrx_word' id='word_1_31' title='bbox 2256 1003 2548 1068; x_wconf 82' lang='lat' dir='ltr'><strong>Versum</strong></span> <span class='ocrx_word' id='word_1_32' title='bbox 2595 1000 2897 1082; x_wconf 89' lang='lat' dir='ltr'>pluribus</span> 
     </span>
     <span class='ocr_line' id='line_1_5' title="bbox 693 1119 2894 1190; baseline 0.002 -6"><span class='ocrx_word' id='word_1_33' title='bbox 693 1119 909 1186; x_wconf 91' lang='lat' dir='ltr'>modis</span> <span class='ocrx_word' id='word_1_34' title='bbox 967 1121 1320 1187; x_wconf 84' lang='lat' dir='ltr'>emendare</span> <span class='ocrx_word' id='word_1_35' title='bbox 1381 1122 1607 1188; x_wconf 89' lang='lat' dir='ltr'>conati</span> <span class='ocrx_word' id='word_1_36' title='bbox 1653 1125 1815 1189; x_wconf 86' lang='lat' dir='ltr'>sunt</span> <span class='ocrx_word' id='word_1_37' title='bbox 1864 1124 1992 1190; x_wconf 87' lang='lat' dir='ltr'>viri</span> <span class='ocrx_word' id='word_1_38' title='bbox 2038 1123 2233 1190; x_wconf 89' lang='lat' dir='ltr'>docti.</span> <span class='ocrx_word' id='word_1_39' title='bbox 2280 1123 2594 1190; x_wconf 72' lang='lat' dir='ltr'>PYLAnus</span> <span class='ocrx_word' id='word_1_40' title='bbox 2639 1140 2724 1189; x_wconf 86' lang='lat' dir='ltr'>ex</span> <span class='ocrx_word' id='word_1_41' title='bbox 2770 1122 2894 1188; x_wconf 91' lang='lat' dir='ltr'>edi-</span> 
     </span>
     <span class='ocr_line' id='line_1_6' title="bbox 692 1240 2361 1324; baseline 0.005 -20"><span class='ocrx_word' id='word_1_42' title='bbox 692 1240 898 1307; x_wconf 78' lang='lat' dir='ltr'><strong>tionis</strong></span> <span class='ocrx_word' id='word_1_43' title='bbox 944 1242 1263 1324; x_wconf 87' lang='lat' dir='ltr'>principis</span> <span class='ocrx_word' id='word_1_44' title='bbox 1307 1242 1618 1310; x_wconf 87' lang='lat' dir='ltr'>lectione:</span> <span class='ocrx_word' id='word_1_45' title='bbox 2356 1253 2361 1258; x_wconf 85' lang='grc'><em>“</em></span> 
     </span>
    </p>

    <p class='ocr_par' dir='ltr' id='par_1_3' title="bbox 874 1364 2895 1449">
     <span class='ocr_line' id='line_1_7' title="bbox 874 1364 2895 1449; baseline 0.001 -21"><span class='ocrx_word' id='word_1_46' title='bbox 874 1364 1014 1429; x_wconf 87' lang='grc' dir='ltr'>ΤΗ.</span> <span class='ocrx_word' id='word_1_47' title='bbox 1059 1364 1228 1446; x_wconf 78' lang='lat' dir='ltr'>Quid</span> <span class='ocrx_word' id='word_1_48' title='bbox 1272 1366 1535 1433; x_wconf 79' lang='lat' dir='ltr'><strong>fecisti?</strong></span> <span class='ocrx_word' id='word_1_49' title='bbox 1577 1365 1652 1432; x_wconf 89' lang='lat' dir='ltr'>L.</span> <span class='ocrx_word' id='word_1_50' title='bbox 1694 1367 1876 1449; x_wconf 79' lang='lat' dir='ltr'>Quod</span> <span class='ocrx_word' id='word_1_51' title='bbox 1919 1367 2261 1433; x_wconf 75' lang='lat' dir='ltr'>mandasti</span> <span class='ocrx_word' id='word_1_52' title='bbox 2298 1367 2442 1449; x_wconf 88' lang='lat' dir='ltr'>feci,</span> <span class='ocrx_word' id='word_1_53' title='bbox 2485 1367 2587 1433; x_wconf 93' lang='lat' dir='ltr'>tui</span> <span class='ocrx_word' id='word_1_54' title='bbox 2628 1366 2895 1433; x_wconf 89' lang='lat' dir='ltr'>honoris</span> 
     </span>
    </p>

    <p class='ocr_par' dir='ltr' id='par_1_4' title="bbox 2558 1488 2805 1571">
     <span class='ocr_line' id='line_1_8' title="bbox 2558 1488 2805 1571; baseline -0.004 -18"><span class='ocrx_word' id='word_1_55' title='bbox 2558 1488 2805 1571; x_wconf 88' lang='lat' dir='ltr'>[gratia</span> 
     </span>
    </p>

    <p class='ocr_par' dir='ltr' id='par_1_5' title="bbox 688 1606 2893 2175">
     <span class='ocr_line' id='line_1_9' title="bbox 690 1606 2893 1694; baseline 0.001 -23"><span class='ocrx_word' id='word_1_56' title='bbox 690 1606 865 1672; x_wconf 90' lang='lat' dir='ltr'>delet</span> <span class='ocrx_word' id='word_1_57' title='bbox 922 1606 1067 1691; x_wconf 81' lang='lat' dir='ltr'>feci,</span> <span class='ocrx_word' id='word_1_58' title='bbox 1115 1608 1437 1676; x_wconf 69' lang='lat' dir='ltr'>Germ-us</span> <span class='ocrx_word' id='word_1_59' title='bbox 1483 1612 1601 1676; x_wconf 79' lang='lat' dir='ltr'>tui.</span> <span class='ocrx_word' id='word_1_60' title='bbox 1651 1611 1936 1677; x_wconf 70' lang='lat' dir='ltr'>Miintnss</span> <span class='ocrx_word' id='word_1_61' title='bbox 1966 1609 2014 1694; x_wconf 92' lang='lat'>¹)</span> <span class='ocrx_word' id='word_1_62' title='bbox 2062 1615 2133 1676; x_wconf 90' lang='lat' dir='ltr'>et</span> <span class='ocrx_word' id='word_1_63' title='bbox 2179 1611 2433 1678; x_wconf 78' lang='lat' dir='ltr'>Ussme</span> <span class='ocrx_word' id='word_1_64' title='bbox 2477 1610 2893 1676; x_wconf 77' lang='lat' dir='ltr'>arbitrantur</span> 
     </span>
     <span class='ocr_line' id='line_1_10' title="bbox 691 1729 2891 1813; baseline 0.001 -22"><span class='ocrx_word' id='word_1_65' title='bbox 691 1729 1010 1796; x_wconf 82' lang='lat' dir='ltr'>nonnulla</span> <span class='ocrx_word' id='word_1_66' title='bbox 1075 1731 1512 1813; x_wconf 79' lang='lat' dir='ltr'>intercidisse,</span> <span class='ocrx_word' id='word_1_67' title='bbox 1577 1732 1714 1798; x_wconf 87' lang='lat' dir='ltr'>scil.</span> <span class='ocrx_word' id='word_1_68' title='bbox 1782 1733 2373 1812; x_wconf 84' lang='lat' dir='ltr'>interrogationem</span> <span class='ocrx_word' id='word_1_69' title='bbox 2435 1732 2671 1797; x_wconf 90' lang='lat' dir='ltr'>militis</span> <span class='ocrx_word' id='word_1_70' title='bbox 2733 1730 2891 1812; x_wconf 89' lang='lat' dir='ltr'>quid</span> 
     </span>
     <span class='ocr_line' id='line_1_11' title="bbox 691 1851 2890 1938; baseline -0 -21"><span class='ocrx_word' id='word_1_71' title='bbox 691 1853 1115 1920; x_wconf 89' lang='lat' dir='ltr'>mandaverit</span> <span class='ocrx_word' id='word_1_72' title='bbox 1189 1857 1392 1936; x_wconf 88' lang='lat' dir='ltr'>atque</span> <span class='ocrx_word' id='word_1_73' title='bbox 1468 1871 1866 1936; x_wconf 88' lang='lat' dir='ltr'>responsum</span> <span class='ocrx_word' id='word_1_74' title='bbox 1946 1856 2250 1938; x_wconf 80' lang='lat' dir='ltr'>Lyconis,</span> <span class='ocrx_word' id='word_1_75' title='bbox 2329 1854 2507 1935; x_wconf 78' lang='lat' dir='ltr'>Quos</span> <span class='ocrx_word' id='word_1_76' title='bbox 2580 1851 2890 1918; x_wconf 73' lang='lat' dir='ltr'>Luonnm</span> 
     </span>
     <span class='ocr_line' id='line_1_12' title="bbox 688 1973 2890 2072; baseline 0 -34"><span class='ocrx_word' id='word_1_77' title='bbox 688 1977 998 2040; x_wconf 91' lang='lat' dir='ltr'>secutum</span> <span class='ocrx_word' id='word_1_78' title='bbox 1060 1991 1208 2041; x_wconf 87' lang='lat' dir='ltr'>esse</span> <span class='ocrx_word' id='word_1_79' title='bbox 1269 1993 1471 2058; x_wconf 89' lang='lat' dir='ltr'>supra</span> <span class='ocrx_word' id='word_1_80' title='bbox 1533 1976 1692 2053; x_wconf 85' lang='lat' dir='ltr'>dixi,</span> <span class='ocrx_word' id='word_1_81' title='bbox 1756 1977 1870 2042; x_wconf 90' lang='lat' dir='ltr'>ubi</span> <span class='ocrx_word' id='word_1_82' title='bbox 1930 1977 2128 2072; x_wconf 83' lang='lat' dir='ltr'>simul</span> <span class='ocrx_word' id='word_1_83' title='bbox 2193 1976 2501 2056; x_wconf 85' lang='lat' dir='ltr'>indicavi,</span> <span class='ocrx_word' id='word_1_84' title='bbox 2552 1974 2706 2056; x_wconf 87' lang='lat' dir='ltr'>quid</span> <span class='ocrx_word' id='word_1_85' title='bbox 2758 1973 2890 2038; x_wconf 83' lang='lat' dir='ltr'>fere</span> 
     </span>
     <span class='ocr_line' id='line_1_13' title="bbox 689 2095 2250 2175; baseline 0.001 -16"><span class='ocrx_word' id='word_1_86' title='bbox 689 2095 1135 2175; x_wconf 88' lang='lat' dir='ltr'>supplendum</span> <span class='ocrx_word' id='word_1_87' title='bbox 1181 2113 1329 2163; x_wconf 87' lang='lat' dir='ltr'>esse</span> <span class='ocrx_word' id='word_1_88' title='bbox 1373 2101 1662 2164; x_wconf 84' lang='lat' dir='ltr'>censeat.</span> <span class='ocrx_word' id='word_1_89' title='bbox 1714 2097 1937 2163; x_wconf 56' lang='grc' dir='ltr'>ΘΟΕΠΖ</span> <span class='ocrx_word' id='word_1_90' title='bbox 1987 2097 2250 2164; x_wconf 82' lang='lat' dir='ltr'>scribit:</span> 
     </span>
    </p>
   </div>
   <div class='ocr_carea' id='block_1_3' title="bbox 869 2217 2889 2418">
    <p class='ocr_par' dir='ltr' id='par_1_6' title="bbox 869 2217 2889 2418">
     <span class='ocr_line' id='line_1_14' title="bbox 869 2217 2889 2300; baseline 0 -19"><span class='ocrx_word' id='word_1_91' title='bbox 869 2217 1009 2282; x_wconf 87' lang='grc' dir='ltr'>ΤΗ.</span> <span class='ocrx_word' id='word_1_92' title='bbox 1052 2218 1219 2299; x_wconf 78' lang='lat' dir='ltr'>Quid</span> <span class='ocrx_word' id='word_1_93' title='bbox 1258 2220 1489 2285; x_wconf 87' lang='lat' dir='ltr'>nunc‘?</span> <span class='ocrx_word' id='word_1_94' title='bbox 1529 2217 1602 2282; x_wconf 92' lang='lat' dir='ltr'>L.</span> <span class='ocrx_word' id='word_1_95' title='bbox 1643 2218 1827 2300; x_wconf 79' lang='lat' dir='ltr'>Quod</span> <span class='ocrx_word' id='word_1_96' title='bbox 1868 2219 2203 2285; x_wconf 88' lang='lat' dir='ltr'>mandasti</span> <span class='ocrx_word' id='word_1_97' title='bbox 2225 2217 2371 2294; x_wconf 86' lang='lat' dir='ltr'>feci,</span> <span class='ocrx_word' id='word_1_98' title='bbox 2397 2219 2499 2283; x_wconf 92' lang='lat' dir='ltr'>tui</span> <span class='ocrx_word' id='word_1_99' title='bbox 2520 2220 2601 2283; x_wconf 92' lang='lat' dir='ltr'>ut</span> <span class='ocrx_word' id='word_1_100' title='bbox 2622 2217 2889 2284; x_wconf 88' lang='lat' dir='ltr'>honoris</span> 
     </span>
     <span class='ocr_line' id='line_1_15' title="bbox 2540 2337 2794 2418; baseline -0.008 -16"><span class='ocrx_word' id='word_1_101' title='bbox 2540 2337 2794 2418; x_wconf 86' lang='lat' dir='ltr'>[gratia.</span> 
     </span>
    </p>
   </div>
   <div class='ocr_carea' id='block_1_4' title="bbox 685 2455 2887 2687">
    <p class='ocr_par' dir='ltr' id='par_1_7' title="bbox 685 2455 2887 2687">
     <span class='ocr_line' id='line_1_16' title="bbox 685 2455 2887 2544; baseline -0 -20"><span class='ocrx_word' id='word_1_102' title='bbox 685 2458 986 2526; x_wconf 72' lang='lat' dir='ltr'>Sonosm.</span> <span class='ocrx_word' id='word_1_103' title='bbox 1011 2455 1064 2543; x_wconf 80' lang='lat'>⁸)</span> <span class='ocrx_word' id='word_1_104' title='bbox 1127 2460 1380 2544; x_wconf 73' lang='lat' dir='ltr'>„fecisti</span> <span class='ocrx_word' id='word_1_105' title='bbox 1423 2459 1546 2543; x_wconf 91' lang='lat' dir='ltr'>(sic</span> <span class='ocrx_word' id='word_1_106' title='bbox 1591 2460 1622 2525; x_wconf 96' lang='lat' dir='ltr'><strong>I</strong></span> <span class='ocrx_word' id='word_1_107' title='bbox 1667 2464 1831 2526; x_wconf 88' lang='lat' dir='ltr'>ante</span> <span class='ocrx_word' id='word_1_108' title='bbox 1876 2477 2182 2527; x_wconf 91' lang='lat' dir='ltr'>rasuram</span> <span class='ocrx_word' id='word_1_109' title='bbox 2228 2463 2310 2526; x_wconf 85' lang='lat' dir='ltr'>ut</span> <span class='ocrx_word' id='word_1_110' title='bbox 2356 2460 2488 2525; x_wconf 89' lang='lat' dir='ltr'>vid.</span> <span class='ocrx_word' id='word_1_111' title='bbox 2536 2477 2691 2526; x_wconf 89' lang='lat' dir='ltr'>cum</span> <span class='ocrx_word' id='word_1_112' title='bbox 2738 2459 2887 2542; x_wconf 89' lang='lat' dir='ltr'>FZ)</span> 
     </span>
     <span class='ocr_line' id='line_1_17' title="bbox 685 2579 2882 2687; baseline -0.001 -40"><span class='ocrx_word' id='word_1_113' title='bbox 685 2598 841 2647; x_wconf 88' lang='lat' dir='ltr'>cum</span> <span class='ocrx_word' id='word_1_114' title='bbox 901 2598 986 2646; x_wconf 87' lang='lat' dir='ltr'>ex</span> <span class='ocrx_word' id='word_1_115' title='bbox 1048 2581 1111 2646; x_wconf 89' lang='lat' dir='ltr'><strong>V</strong></span> <span class='ocrx_word' id='word_1_116' title='bbox 1173 2582 1648 2648; x_wconf 89' lang='lat' dir='ltr'>auctoritatem</span> <span class='ocrx_word' id='word_1_117' title='bbox 1709 2582 2137 2648; x_wconf 84' lang='lat' dir='ltr'>nanciscatur</span> <span class='ocrx_word' id='word_1_118' title='bbox 2198 2599 2315 2687; x_wconf 87' lang='lat' dir='ltr'>pro</span> <span class='ocrx_word' id='word_1_119' title='bbox 2366 2581 2495 2665; x_wconf 77' lang='lat' dir='ltr'>feci</span> <span class='ocrx_word' id='word_1_120' title='bbox 2540 2579 2664 2665; x_wconf 89' lang='lat' dir='ltr'>(sic</span> <span class='ocrx_word' id='word_1_121' title='bbox 2712 2580 2882 2664; x_wconf 87' lang='lat' dir='ltr'>BE),</span> 
     </span>
    </p>
   </div>
   <div class='ocr_carea' id='block_1_5' title="bbox 684 2702 2999 2787">
    <p class='ocr_par' dir='ltr' id='par_1_8' title="bbox 684 2702 2999 2787">
     <span class='ocr_line' id='line_1_18' title="bbox 684 2702 2999 2787; baseline -0.001 -18"><span class='ocrx_word' id='word_1_122' title='bbox 684 2710 760 2770; x_wconf 86' lang='lat' dir='ltr'>at</span> <span class='ocrx_word' id='word_1_123' title='bbox 817 2704 946 2787; x_wconf 81' lang='lat' dir='ltr'>feci</span> <span class='ocrx_word' id='word_1_124' title='bbox 1004 2706 1327 2771; x_wconf 89' lang='lat' dir='ltr'>iteratum</span> <span class='ocrx_word' id='word_1_125' title='bbox 1390 2722 1590 2786; x_wconf 84' lang='lat' dir='ltr'>supra</span> <span class='ocrx_word' id='word_1_126' title='bbox 1646 2704 1966 2770; x_wconf 86' lang='lat' dir='ltr'>versum”</span> <span class='ocrx_word' id='word_1_127' title='bbox 2013 2702 2109 2787; x_wconf 91' lang='lat' dir='ltr'>(in</span> <span class='ocrx_word' id='word_1_128' title='bbox 2157 2703 2487 2769; x_wconf 80' lang='lat' dir='ltr'>Vossiano</span> <span class='ocrx_word' id='word_1_129' title='bbox 2533 2702 2716 2767; x_wconf 90' lang='lat' dir='ltr'>enim</span> <span class='ocrx_word' id='word_1_130' title='bbox 2760 2702 2889 2784; x_wconf 82' lang='lat' dir='ltr'>feci</span> <span class='ocrx_word' id='word_1_131' title='bbox 2993 2734 2999 2741; x_wconf 95' lang='lat'><strong>·</strong></span> 
     </span>
    </p>
   </div>
   <div class='ocr_carea' id='block_1_6' title="bbox 683 2824 2886 3151">
    <p class='ocr_par' dir='ltr' id='par_1_9' title="bbox 683 2824 2886 3151">
     <span class='ocr_line' id='line_1_19' title="bbox 684 2824 2885 2911; baseline -0.001 -20"><span class='ocrx_word' id='word_1_132' title='bbox 684 2826 1011 2907; x_wconf 86' lang='lat' dir='ltr'>scriptum</span> <span class='ocrx_word' id='word_1_133' title='bbox 1050 2830 1156 2892; x_wconf 90' lang='lat' dir='ltr'>est</span> <span class='ocrx_word' id='word_1_134' title='bbox 1196 2844 1400 2908; x_wconf 87' lang='lat' dir='ltr'>supra</span> <span class='ocrx_word' id='word_1_135' title='bbox 1439 2828 1567 2911; x_wconf 79' lang='lat' dir='ltr'>tui)</span> <span class='ocrx_word' id='word_1_136' title='bbox 1613 2826 2057 2908; x_wconf 82' lang='lat' dir='ltr'>„auctoritate</span> <span class='ocrx_word' id='word_1_137' title='bbox 2102 2824 2427 2901; x_wconf 85' lang='lat' dir='ltr'>vacillet‚”</span> <span class='ocrx_word' id='word_1_138' title='bbox 2468 2840 2704 2889; x_wconf 86' lang='lat' dir='ltr'>verum</span> <span class='ocrx_word' id='word_1_139' title='bbox 2739 2839 2885 2889; x_wconf 88' lang='lat' dir='ltr'>esse</span> 
     </span>
     <span class='ocr_line' id='line_1_20' title="bbox 683 2942 2886 3030; baseline -0.001 -18"><span class='ocrx_word' id='word_1_140' title='bbox 683 2948 1034 3014; x_wconf 87' lang='lat' dir='ltr'>existimat</span> <span class='ocrx_word' id='word_1_141' title='bbox 1078 2948 1243 3030; x_wconf 79' lang='lat' dir='ltr'>quid</span> <span class='ocrx_word' id='word_1_142' title='bbox 1285 2949 1502 3030; x_wconf 74' lang='lat' dir='ltr'>fecisti</span> <span class='ocrx_word' id='word_1_143' title='bbox 1545 2951 1616 3013; x_wconf 91' lang='lat' dir='ltr'>et</span> <span class='ocrx_word' id='word_1_144' title='bbox 1663 2964 1819 3014; x_wconf 90' lang='lat' dir='ltr'>cum</span> <span class='ocrx_word' id='word_1_145' title='bbox 1864 2946 2159 3013; x_wconf 73' lang='lat' dir='ltr'>Luons1o</span> <span class='ocrx_word' id='word_1_146' title='bbox 2188 2942 2237 3027; x_wconf 85' lang='grc'>3)</span> <span class='ocrx_word' id='word_1_147' title='bbox 2285 2948 2355 3011; x_wconf 89' lang='lat' dir='ltr'>et</span> <span class='ocrx_word' id='word_1_148' title='bbox 2404 2945 2692 3010; x_wconf 72' lang='lat' dir='ltr'>Goarzm</span> <span class='ocrx_word' id='word_1_149' title='bbox 2731 2949 2886 3025; x_wconf 89' lang='lat' dir='ltr'>post</span> 
     </span>
     <span class='ocr_line' id='line_1_21' title="bbox 683 3066 2881 3151; baseline -0.002 -17"><span class='ocrx_word' id='word_1_150' title='bbox 683 3070 785 3135; x_wconf 81' lang='lat' dir='ltr'>tui</span> <span class='ocrx_word' id='word_1_151' title='bbox 842 3068 1079 3135; x_wconf 90' lang='lat' dir='ltr'>inserit</span> <span class='ocrx_word' id='word_1_152' title='bbox 1125 3072 1220 3134; x_wconf 80' lang='lat' dir='ltr'>ut.</span> <span class='ocrx_word' id='word_1_153' title='bbox 1270 3068 1650 3135; x_wconf 68' lang='lat' dir='ltr'>Nmunrum</span> <span class='ocrx_word' id='word_1_154' title='bbox 1697 3069 2078 3151; x_wconf 90' lang='lat' dir='ltr'>opinionem</span> <span class='ocrx_word' id='word_1_155' title='bbox 2124 3066 2881 3148; x_wconf 86' lang='lat' dir='ltr'>interpretationemque</span> 
     </span>
    </p>
   </div>
   <div class='ocr_carea' id='block_1_7' title="bbox 676 3192 2883 4000">
    <p class='ocr_par' dir='ltr' id='par_1_10' title="bbox 683 3192 1652 3272">
     <span class='ocr_line' id='line_1_22' title="bbox 683 3192 1652 3272; baseline 0 -16"><span class='ocrx_word' id='word_1_156' title='bbox 683 3192 818 3257; x_wconf 90' lang='lat' dir='ltr'>iam</span> <span class='ocrx_word' id='word_1_157' title='bbox 865 3207 1069 3272; x_wconf 88' lang='lat' dir='ltr'>supra</span> <span class='ocrx_word' id='word_1_158' title='bbox 1113 3192 1652 3258; x_wconf 89' lang='lat' dir='ltr'>commemoravi.</span> 
     </span>
    </p>

    <p class='ocr_par' dir='ltr' id='par_1_11' title="bbox 678 3306 2883 3887">
     <span class='ocr_line' id='line_1_23' title="bbox 772 3306 2878 3395; baseline -0.001 -19"><span class='ocrx_word' id='word_1_159' title='bbox 772 3312 874 3376; x_wconf 89' lang='lat' dir='ltr'>En</span> <span class='ocrx_word' id='word_1_160' title='bbox 914 3315 1024 3379; x_wconf 90' lang='lat' dir='ltr'>sat</span> <span class='ocrx_word' id='word_1_161' title='bbox 1062 3312 1314 3379; x_wconf 88' lang='lat' dir='ltr'>multas</span> <span class='ocrx_word' id='word_1_162' title='bbox 1337 3314 1691 3395; x_wconf 87' lang='lat' dir='ltr'>variasque</span> <span class='ocrx_word' id='word_1_163' title='bbox 1714 3311 2111 3378; x_wconf 84' lang='lat' dir='ltr'>sententias.</span> <span class='ocrx_word' id='word_1_164' title='bbox 2138 3310 2392 3376; x_wconf 87' lang='lat' dir='ltr'>Tamen</span> <span class='ocrx_word' id='word_1_165' title='bbox 2419 3324 2652 3373; x_wconf 84' lang='lat' dir='ltr'>earum</span> <span class='ocrx_word' id='word_1_166' title='bbox 2676 3306 2878 3373; x_wconf 90' lang='lat' dir='ltr'>ullam</span> 
     </span>
     <span class='ocr_line' id='line_1_24' title="bbox 679 3431 2883 3514; baseline -0.002 -16"><span class='ocrx_word' id='word_1_167' title='bbox 679 3449 828 3498; x_wconf 86' lang='lat' dir='ltr'>esse</span> <span class='ocrx_word' id='word_1_168' title='bbox 897 3450 1129 3500; x_wconf 86' lang='lat' dir='ltr'>veram</span> <span class='ocrx_word' id='word_1_169' title='bbox 1198 3451 1441 3514; x_wconf 85' lang='lat' dir='ltr'>negare</span> <span class='ocrx_word' id='word_1_170' title='bbox 1502 3452 1633 3501; x_wconf 88' lang='lat' dir='ltr'>non</span> <span class='ocrx_word' id='word_1_171' title='bbox 1695 3434 1946 3499; x_wconf 87' lang='lat' dir='ltr'>dubito.</span> <span class='ocrx_word' id='word_1_172' title='bbox 2014 3431 2295 3497; x_wconf 88' lang='lat' dir='ltr'>Militem</span> <span class='ocrx_word' id='word_1_173' title='bbox 2356 3433 2510 3511; x_wconf 90' lang='lat' dir='ltr'>post</span> <span class='ocrx_word' id='word_1_174' title='bbox 2573 3445 2654 3495; x_wconf 91' lang='lat' dir='ltr'>ea</span> <span class='ocrx_word' id='word_1_175' title='bbox 2712 3445 2883 3511; x_wconf 84' lang='lat' dir='ltr'>quae</span> 
     </span>
     <span class='ocr_line' id='line_1_25' title="bbox 678 3551 2881 3640; baseline -0.002 -22"><span class='ocrx_word' id='word_1_176' title='bbox 678 3554 1089 3620; x_wconf 90' lang='lat' dir='ltr'>antecedunt</span> <span class='ocrx_word' id='word_1_177' title='bbox 1125 3559 1473 3633; x_wconf 88' lang='lat' dir='ltr'>rogantem</span> <span class='ocrx_word' id='word_1_178' title='bbox 1512 3554 1759 3620; x_wconf 90' lang='lat' dir='ltr'>facere:</span> <span class='ocrx_word' id='word_1_179' title='bbox 1808 3553 2002 3640; x_wconf 87' lang='lat' dir='ltr'>„quid</span> <span class='ocrx_word' id='word_1_180' title='bbox 2040 3552 2257 3619; x_wconf 81' lang='lat' dir='ltr'>fecisti</span> <span class='ocrx_word' id='word_1_181' title='bbox 2275 3551 2352 3617; x_wconf 79' lang='lat'>?&#39;&#39;</span> <span class='ocrx_word' id='word_1_182' title='bbox 2394 3553 2700 3632; x_wconf 88' lang='lat' dir='ltr'>ineptum</span> <span class='ocrx_word' id='word_1_183' title='bbox 2734 3566 2881 3616; x_wconf 86' lang='lat' dir='ltr'>esse</span> 
     </span>
     <span class='ocr_line' id='line_1_26' title="bbox 679 3672 2879 3758; baseline -0.002 -17"><span class='ocrx_word' id='word_1_184' title='bbox 679 3693 812 3742; x_wconf 92' lang='lat' dir='ltr'>non</span> <span class='ocrx_word' id='word_1_185' title='bbox 860 3676 1035 3756; x_wconf 86' lang='lat' dir='ltr'>fugit</span> <span class='ocrx_word' id='word_1_186' title='bbox 1081 3677 1480 3744; x_wconf 72' lang='lat' dir='ltr'>Ussmemu.</span> <span class='ocrx_word' id='word_1_187' title='bbox 1530 3676 1761 3758; x_wconf 88' lang='lat' dir='ltr'>Neque</span> <span class='ocrx_word' id='word_1_188' title='bbox 1804 3676 2029 3741; x_wconf 89' lang='lat' dir='ltr'>minus</span> <span class='ocrx_word' id='word_1_189' title='bbox 2075 3691 2360 3756; x_wconf 85' lang='lat' dir='ltr'>pravum</span> <span class='ocrx_word' id='word_1_190' title='bbox 2404 3676 2512 3739; x_wconf 87' lang='lat' dir='ltr'>est</span> <span class='ocrx_word' id='word_1_191' title='bbox 2557 3672 2879 3737; x_wconf 65' lang='lat' dir='ltr'>Gomzm-</span> 
     </span>
     <span class='ocr_line' id='line_1_27' title="bbox 678 3793 2876 3887; baseline -0.003 -23"><span class='ocrx_word' id='word_1_192' title='bbox 678 3816 823 3864; x_wconf 78' lang='lat' dir='ltr'>mm</span> <span class='ocrx_word' id='word_1_193' title='bbox 865 3798 1028 3879; x_wconf 79' lang='lat' dir='ltr'>quid</span> <span class='ocrx_word' id='word_1_194' title='bbox 1064 3816 1249 3887; x_wconf 73' lang='lat' dir='ltr'>nunc</span> <span class='ocrx_word' id='word_1_195' title='bbox 1261 3800 1312 3875; x_wconf 67' lang='grc'>9,</span> <span class='ocrx_word' id='word_1_196' title='bbox 1352 3799 1524 3880; x_wconf 87' lang='lat' dir='ltr'>quod</span> <span class='ocrx_word' id='word_1_197' title='bbox 1559 3797 1760 3863; x_wconf 91' lang='lat' dir='ltr'>miror</span> <span class='ocrx_word' id='word_1_198' title='bbox 1784 3798 2210 3862; x_wconf 73' lang='lat' dir='ltr'>Rmssnoxmu</span> <span class='ocrx_word' id='word_1_199' title='bbox 2236 3793 2289 3878; x_wconf 77' lang='lat'>4)</span> <span class='ocrx_word' id='word_1_200' title='bbox 2315 3795 2608 3876; x_wconf 86' lang='lat' dir='ltr'>probare,</span> <span class='ocrx_word' id='word_1_201' title='bbox 2634 3794 2876 3877; x_wconf 89' lang='lat' dir='ltr'>quippe</span> 
     </span>
    </p>

    <p class='ocr_par' dir='ltr' id='par_1_12' title="bbox 676 3913 2878 4000">
     <span class='ocr_line' id='line_1_28' title="bbox 676 3913 2878 4000; baseline -0.002 -16"><span class='ocrx_word' id='word_1_202' title='bbox 676 3920 791 4000; x_wconf 90' lang='lat' dir='ltr'>qui</span> <span class='ocrx_word' id='word_1_203' title='bbox 852 3920 1226 3985; x_wconf 86' lang='lat' dir='ltr'>rectissime</span> <span class='ocrx_word' id='word_1_204' title='bbox 1288 3920 1427 3985; x_wconf 89' lang='lat' dir='ltr'>vim</span> <span class='ocrx_word' id='word_1_205' title='bbox 1475 3919 1651 3985; x_wconf 87' lang='lat' dir='ltr'>illius</span> <span class='ocrx_word' id='word_1_206' title='bbox 1697 3917 2184 3986; x_wconf 88' lang='lat' dir='ltr'>enunciationis</span> <span class='ocrx_word' id='word_1_207' title='bbox 2230 3917 2680 3998; x_wconf 85' lang='lat' dir='ltr'>perspexerit:</span> <span class='ocrx_word' id='word_1_208' title='bbox 2734 3913 2878 4000; x_wconf 87' lang='lat' dir='ltr'>„die</span> 
     </span>
    </p>
   </div>
   <div class='ocr_carea' id='block_1_8' title="bbox 696 4085 936 4095">
    <p class='ocr_par' dir='ltr' id='par_1_13' title="bbox 696 4085 936 4095">
     <span class='ocr_line' id='line_1_29' title="bbox 696 4085 936 4095; baseline 0 0"><span class='ocrx_word' id='word_1_209' title='bbox 696 4085 936 4095; x_wconf 95' lang='lat' dir='ltr'> </span> 
     </span>
    </p>
   </div>
   <div class='ocr_carea' id='block_1_9' title="bbox 942 4088 1087 4096">
    <p class='ocr_par' dir='ltr' id='par_1_14' title="bbox 942 4088 1087 4096">
     <span class='ocr_line' id='line_1_30' title="bbox 942 4088 1087 4096; baseline 0 0"><span class='ocrx_word' id='word_1_210' title='bbox 942 4088 1087 4096; x_wconf 95' lang='lat' dir='ltr'> </span> 
     </span>
    </p>
   </div>
   <div class='ocr_carea' id='block_1_10' title="bbox 746 4163 1826 4498">
    <p class='ocr_par' dir='ltr' id='par_1_15' title="bbox 747 4163 1826 4413">
     <span class='ocr_line' id='line_1_31' title="bbox 747 4163 1826 4236; baseline -0.001 -18"><span class='ocrx_word' id='word_1_211' title='bbox 747 4166 804 4233; x_wconf 92' lang='lat'>1)</span> <span class='ocrx_word' id='word_1_212' title='bbox 841 4163 1192 4220; x_wconf 76' lang='lat' dir='ltr'>Plautinisohe</span> <span class='ocrx_word' id='word_1_213' title='bbox 1228 4164 1482 4221; x_wconf 82' lang='lat' dir='ltr'>Prosodie</span> <span class='ocrx_word' id='word_1_214' title='bbox 1520 4184 1569 4236; x_wconf 88' lang='lat' dir='ltr'>p.</span> <span class='ocrx_word' id='word_1_215' title='bbox 1608 4167 1709 4221; x_wconf 80' lang='lat'>&#39;101</span> <span class='ocrx_word' id='word_1_216' title='bbox 1749 4182 1826 4235; x_wconf 82' lang='lat' dir='ltr'>sq.</span> 
     </span>
     <span class='ocr_line' id='line_1_32' title="bbox 748 4250 1790 4325; baseline -0.001 -19"><span class='ocrx_word' id='word_1_217' title='bbox 748 4252 804 4321; x_wconf 68' lang='grc' dir='ltr'>Β)</span> <span class='ocrx_word' id='word_1_218' title='bbox 840 4250 1008 4306; x_wconf 79' lang='lat' dir='ltr'>Praef.</span> <span class='ocrx_word' id='word_1_219' title='bbox 1046 4251 1112 4306; x_wconf 79' lang='lat' dir='ltr'>ad</span> <span class='ocrx_word' id='word_1_220' title='bbox 1150 4251 1265 4307; x_wconf 79' lang='lat' dir='ltr'>Cas.</span> <span class='ocrx_word' id='word_1_221' title='bbox 1302 4271 1352 4325; x_wconf 89' lang='lat' dir='ltr'>p.</span> <span class='ocrx_word' id='word_1_222' title='bbox 1389 4251 1632 4308; x_wconf 88' lang='lat' dir='ltr'><strong>XXXVI</strong></span> <span class='ocrx_word' id='word_1_223' title='bbox 1669 4270 1790 4307; x_wconf 81' lang='lat' dir='ltr'>ann.</span> 
     </span>
     <span class='ocr_line' id='line_1_33' title="bbox 747 4338 1582 4413; baseline 0.004 -21"><span class='ocrx_word' id='word_1_224' title='bbox 747 4340 802 4407; x_wconf 88' lang='lat'>3)</span> <span class='ocrx_word' id='word_1_225' title='bbox 839 4338 1062 4394; x_wconf 85' lang='lat' dir='ltr'>Hermes</span> <span class='ocrx_word' id='word_1_226' title='bbox 1096 4338 1238 4393; x_wconf 92' lang='lat' dir='ltr'><strong>VIII</strong></span> <span class='ocrx_word' id='word_1_227' title='bbox 1276 4357 1325 4411; x_wconf 90' lang='lat' dir='ltr'>p.</span> <span class='ocrx_word' id='word_1_228' title='bbox 1365 4341 1466 4395; x_wconf 82' lang='grc'>111</span> <span class='ocrx_word' id='word_1_229' title='bbox 1506 4359 1582 4413; x_wconf 87' lang='lat' dir='ltr'>sq.</span> 
     </span>
    </p>

    <p class='ocr_par' dir='ltr' id='par_1_16' title="bbox 746 4424 1253 4498">
     <span class='ocr_line' id='line_1_34' title="bbox 746 4424 1253 4498; baseline 0.004 -19"><span class='ocrx_word' id='word_1_230' title='bbox 746 4428 803 4495; x_wconf 78' lang='lat'>4)</span> <span class='ocrx_word' id='word_1_231' title='bbox 840 4424 873 4481; x_wconf 92' lang='lat' dir='ltr'>l.</span> <span class='ocrx_word' id='word_1_232' title='bbox 909 4424 942 4480; x_wconf 96' lang='lat' dir='ltr'>l.</span> <span class='ocrx_word' id='word_1_233' title='bbox 983 4444 1034 4498; x_wconf 90' lang='lat' dir='ltr'>p.</span> <span class='ocrx_word' id='word_1_234' title='bbox 1072 4426 1140 4480; x_wconf 86' lang='lat'>91</span> <span class='ocrx_word' id='word_1_235' title='bbox 1180 4444 1253 4498; x_wconf 82' lang='lat' dir='ltr'>sq.</span> 
     </span>
    </p>
   </div>
  </div>
 </body>
</html>
