3459 5300
1603 608 1733 672 125

521 805 653 855 non
702 789 917 870 possit
961 789 1080 852 aut
1126 786 1277 868 poni
1320 803 1435 868 pro
1475 805 1671 868 neve,·
1709 788 1877 853 item
1916 787 2114 854 Poen.
2163 790 2280 854 18:
2325 806 2497 875 „neu
2532 789 2725 856 lictor

521 911 802 974 verbum
847 911 971 974 aut
1016 907 1242 988 virgae
1291 907 1689 974 muttiant.”

611 1030 994 1112 Legendum
1060 1029 1268 1120 igitur
1328 1045 1476 1096 esse
1527 1046 1646 1110 ego
1690 1048 1949 1113 quoque
1996 1048 2113 1113 pro
2156 1034 2279 1097 aut
2324 1049 2561 1099 censeo
2607 1050 2725 1109 an,

519 1169 757 1219 verum
806 1151 1034 1219 omnia
1079 1152 1299 1218 danda
1345 1151 1543 1218 militi
1590 1155 1662 1218 et
1709 1152 1807 1218 sic
1853 1153 2434 1233 distinguendum:

703 1273 802 1341 Ne
850 1279 920 1341 te
966 1274 1063 1339 mi
1104 1274 1310 1340 facias
1358 1275 1662 1341 ferocem.
1711 1292 1799 1341 an
1845 1274 2213 1356 supplicare
2241 1292 2523 1356 ⁸censeas
2539 1276 2575 1340 ‘2

524 1397 566 1460 i.
591 1412 649 1463 e.
698 1414 831 1463 non
877 1400 946 1463 te
991 1396 1137 1463 sino
1181 1399 1252 1462 te
1297 1395 1464 1462 mihi
1509 1395 1722 1462 facere
1767 1396 2069 1474 ferocem,
2122 1397 2252 1463 nisi
2288 1396 2460 1464 forte
2496 1385 2757 1463 oenses'

526 1535 634 1585 me
681 1518 1216 1602 supplicaturum
1262 1535 1428 1585 esse.

611 1778 712 1828 vs.
762 1761 893 1828 543
943 1781 1085 1845 sqq.

705 1884 846 1950 ΤΗ.
893 1884 1075 1951 Scire
1121 1884 1270 1951 volo
1315 1885 1471 1967 quoi
1520 1885 1886 1952 reddidisti.
1932 1884 2009 1949 L.
2055 1886 2271 1953 Lusco
2306 1886 2544 1954 liberto
2583 1890 2723 1963 tuo,

703 2005 772 2071 Is
817 2005 1262 2072 Summanum
1308 2023 1382 2072 se
1429 2006 1652 2073 vocari
1698 2006 1890 2084 dixit,
1940 2007 2001 2073 ei
2046 2006 2316 2082 reddidi,

525 2126 657 2192 545
703 2127 828 2208 Qui
896 2128 1018 2194 has
1088 2127 1362 2196 tabellas
1423 2130 1817 2219 obsignatas
1877 2128 2133 2195 attulit.
2197 2128 2339 2193 ΤΗ.
2404 2129 2583 2210 Quas
2643 2131 2721 2194 tu

2098 2250 2289 2330 [mihi
2334 2249 2635 2327 tabellas,

692 2371 873 2452 Quos
909 2374 988 2437 tu
1020 2371 1184 2438 mihi
1207 2371 1430 2440 luscos
1452 2370 1747 2454 liberine,
1766 2389 1933 2455 quos
1958 2371 2360 2439 Summanos
2383 2373 2723 2439 somnias?

702 2492 763 2558 N
765 2510 839 2559 eo
887 2493 1052 2560 mihi
1097 2494 1364 2576 quidem
1408 2491 1688 2558 libertus
1734 2491 1963 2558 ullust.
2003 2491 2078 2556 L.
2120 2492 2314 2558 Facis
2348 2493 2722 2574 sapientius

700 2614 913 2697 Quam
983 2633 1140 2699 pars
1205 2617 1544 2697 lenonum,
1615 2614 1890 2682 libertos
1954 2614 2071 2697 qui
2141 2614 2394 2682 habent
2468 2618 2539 2682 et
2605 2632 2720 2683 eos

1854 2816 1861 2823 ,
2269 2737 2629 2817 [deserunt.

703 2859 873 2941 Quid
920 2859 1046 2926 feci
1089 2860 1263 2942 quod
1309 2859 1650 2926 mandasti
1698 2859 1844 2936 feci,
1892 2859 1994 2925 tui
2039 2858 2307 2925 honoris
2350 2861 2587 2946 gratia,

524 2980 655 3047 550
702 2981 916 3048 Τ110111
983 2982 1097 3065 qui
1158 2982 1431 3062 signum
1491 2982 1575 3047 ad
1644 2998 1753 3047 me
1814 2980 2177 3065 attulisset,
2248 2982 2565 3047 nuntium
2635 3000 2721 3049 ne

2200 3107 2625 3185 [spernerem.

609 3224 731 3291 Vs.
798 3224 928 3291 545
989 3225 1310 3291 Wnrsnm
1373 3226 1590 3291 secuti
1647 3223 1945 3306 plerique
2007 3223 2136 3289 viri
2196 3224 2373 3290 docti
2418 3227 2721 3307 spurium

518 3352 787 3429 putant.
834 3348 1150 3414 Nonnulli
1195 3351 1428 3414 autem
1477 3364 1752 3413 versum
1800 3342 2063 3424 ἄμετρον
2108 3347 2463 3412 emendare
2502 3350 2727 3415 conati

520 3474 707 3534 sunt.
770 3469 1016 3537 Lomn
1042 3469 1093 3554 1)
1157 3474 1227 3535 et
1279 3470 1575 3535 Rffsom.
1604 3464 1655 3547 ²)
1703 3485 1821 3549 pro
1868 3468 2138 3534 tabellas
2183 3468 2255 3532 in
2299 3468 2432 3534 fine
2481 3486 2719 3536 versus

516 3591 752 3672 legunt
797 3594 1075 3678 tabulae,
1127 3593 1299 3675 quod
1345 3591 1668 3658 collocant
1714 3592 1785 3656 in
1832 3591 2026 3658 initio
2072 3607 2308 3657 versus
2356 3594 2718 3675 sequentis,

519 3718 589 3780 et
635 3715 856 3780 delent
900 3714 1101 3781 huius
1152 3731 1389 3781 versus
1434 3714 1641 3780 verba
1680 3715 1754 3779 tu
1792 3713 1978 3779 mihi.
2028 3710 2153 3778 Sed
2194 3730 2425 3780 vocem
2463 3716 2719 3781 tabulae

521 3851 654 3900 non
716 3835 893 3901 idem
958 3835 1180 3902 valere
1241 3840 1445 3918 atque
1499 3834 1764 3902 tabellae
1809 3838 1881 3900 et
1924 3851 2043 3917 per
2085 3851 2159 3900 se
2206 3834 2566 3901 verisimile
2612 3841 2719 3919 est

522 3959 592 4021 et
650 3956 922 4037 insuper
983 3957 1473 4023 demonstravit
1537 3954 1838 4021 Scnmnr
1869 3956 1940 4039 3).
2006 3956 2189 4037 Quod
2251 3973 2409 4023 vero
2455 3956 2562 4023 hic
2611 3958 2716 4023 vir

588 4205 645 4272 1)
682 4204 717 4259 l.
754 4203 788 4261 l.
826 4223 873 4278 p.
913 4207 998 4260 34.

586 4292 642 4360 2)
679 4290 884 4363 Proleg.
924 4290 1074 4346 Trin.
1111 4290 1192 4346 ed.
1231 4288 1274 4345 Ῑ.
1314 4309 1363 4363 p.
1402 4290 1524 4344 136.

585 4379 644 4447 3)
681 4377 1018 4443 Quaestiones
1067 4377 1133 4432 de
1178 4375 1542 4449 pronominum
1586 4372 2117 4428 demonstrativorum
2153 4372 2331 4429 formis
2367 4373 2625 4430 Plautinis
2661 4394 2714 4447 p.

515 4464 580 4518 58
618 4481 729 4536 sqq.
