3459 5300
1801 557 1928 624 128

843 733 993 800 Non
1054 733 1259 812 igitur
1317 751 1472 800 cum
1532 735 1806 813 Lacum,
1843 739 1956 819 qui
1995 739 2161 804 item
2207 741 2408 820 atque
2454 737 2785 819 GnPPnRr,
2835 737 2958 803 Us-

758 871 929 936 smo,
1003 854 1226 920 Gomz
1296 870 1570 920 versum
1651 856 1847 940 delet,
1920 857 2358 924 statuendum
2417 861 2563 923 est-z
2642 856 2961 943 „tabellas

760 975 1143 1042 ostendenti
1210 974 1406 1040 aliter
1474 977 2006 1058 respondendum
2076 977 2288 1044 erat.”
2348 977 2605 1044 Verum
2650 978 2961 1044 Lnomtm

754 1113 1014 1179 quoque
1076 1094 1291 1163 deleto
1354 1113 1554 1163 versu
1615 1097 2031 1165 disertiorem
2093 1100 2503 1166 desiderasse
2563 1100 2960 1166 tabellarum

759 1215 1314 1299 significationem
1376 1223 1655 1301 apparet
1700 1238 1788 1286 ex
1832 1221 1977 1287 eius
2021 1221 2461 1288 annotatione
2505 1222 2587 1287 ad
2636 1239 2740 1288 vs.
2792 1223 2959 1288 549:

766 1338 915 1418 „hic
975 1340 1356 1407 accuratius
1401 1342 1483 1407 de
1527 1341 1794 1408 tabellis
1836 1346 1908 1408 et
1951 1344 2152 1410 anulo
2197 1344 2425 1410 referri
2468 1342 2832 1425 oportebat,
2882 1345 2964 1407 ut

764 1461 1015 1530 rectius
1076 1461 1244 1545 (scil.
1310 1479 1515 1545 quam
1577 1463 1829 1549 Gomz)
1888 1465 1969 1530 de
2029 1465 2268 1531 lacuna
2323 1463 2676 1530 Muellerus
2720 1466 2792 1529 et
2839 1463 2962 1528 Us-

765 1584 1024 1665 singius
1067 1584 1533 1666 cogitaverint,
1580 1563 1752 1668 quae
1797 1587 1895 1652 sic
1930 1586 2068 1652 fere
2106 1584 2358 1668 expleri
2394 1585 2608 1668 possit
2631 1586 2740 1665 (cf.
2769 1584 2961 1669 545):

765 1707 977 1774 ‘Ther
1024 1708 1180 1790 quoi
1226 1707 1525 1773 dedisti?
1569 1709 1642 1774 L.
1690 1708 1806 1790 qui
1853 1707 2130 1774 tabellas
2176 1708 2562 1789 obsignatas
2600 1707 2830 1773 attulit
2869 1705 2882 1791 Ι
2921 1724 2964 1772 a

765 1833 873 1897 te:
943 1830 1117 1912 quod
1186 1829 1527 1896 mandasti
1584 1827 1767 1908 feci’;
1837 1830 1944 1895 hic
2003 1846 2261 1912 quoque
2318 1829 2503 1896 locus
2571 1828 2967 1894 decurtatus

771 1967 920 2019 esse
968 1952 1297 2017 videtur”.

862 2073 1030 2140 Illud
1076 2091 1193 2140 nec
1234 2090 1471 2140 versus
1512 2073 1640 2140 547
1681 2075 1960 2140 minime
1993 2090 2199 2139 sensu
2241 2075 2446 2138 caret.
2489 2072 2967 2138 Adnectuntur

773 2197 899 2263 hac
958 2194 1428 2260 coniunctione
1488 2195 1693 2261 verba
1754 2195 2108 2276 sequentia
2168 2194 2734 2277 praecedentibus
2810 2195 2974 2258 tam·

776 2335 978 2400 quam
1040 2317 1100 2382 si
1161 2315 1452 2381 dicatur:
1525 2317 1851 2401 „loqueris
1910 2320 1989 2382 tu
2051 2316 2132 2382 de
2189 2316 2428 2382 liberto
2491 2332 2639 2381 meo
2701 2332 2746 2379 n
2763 2332 2917 2398 equ
2935 2332 2973 2380 e

779 2439 945 2506 mihi
990 2439 1272 2504 libertus
1318 2437 1492 2504 ullus
1537 2438 1709 2504 est”.
1757 2438 1854 2504 cf.
1901 2438 2093 2520 Capt.
2141 2438 2273 2504 783
2319 2456 2452 2521 sq.:

951 2591 1059 2657 Ad
1104 2589 1292 2657 illum
1339 2590 1614 2657 modum
1660 2590 1988 2657 sublitum
2033 2607 2110 2657 os
2156 2607 2305 2657 esse
2353 2591 2449 2657 mi
2494 2590 2720 2657 hodie!

950 2714 1255 2796 Neque·
1293 2713 1358 2778 id
1406 2712 1775 2795 perspicere
1821 2713 2027 2795 quivi.

778 2868 821 2933 i.
870 2884 926 2933 e.
975 2870 1051 2932 at
1095 2866 1352 2932 factum
1397 2869 1505 2931 est
1550 2838 1766 2947 neque
1813 2865 1880 2929 id
1924 2865 2296 2948 perspicere
2341 2864 2550 2948 quivi.

781 2991 853 3055 et
896 2988 1132 3054 Pseud.
1182 2987 1309 3051 937
1363 3004 1497 3067 sq.:
2375 2979 2380 2985 '

963 3126 1138 3193 Nam
1205 3126 1264 3191 si
1330 3128 1665 3209 exoptem,
1738 3127 2069 3206 quantum
2137 3124 2400 3205 dignu’s
2458 3128 2736 3190 tantum
2796 3124 2975 3207 dent,

1759 3334 1763 3338 Ι
2227 3247 2477 3325 [minus
2523 3245 2728 3312 nihilo
2775 3246 2885 3311 sit.

962 3370 1023 3436 N
1040 3387 1252 3451 eque
1303 3385 1423 3447 ego
1468 3369 1592 3433 hoc
1637 3367 1904 3435 homine
1949 3386 2352 3452 quemquam
2401 3368 2541 3433 vidi
2584 3367 2800 3446 magis
2845 3383 2976 3432 ma-

1971 3466 1977 3473 *
2166 3490 2330 3569 [lum
2375 3493 2446 3555 et
2493 3488 2884 3555 maleficum.

778 3632 821 3696 i.
869 3649 927 3697 e.
990 3634 1069 3695 tu
1130 3627 1566 3709 dignissimus
1627 3645 1720 3709 eS‚
1787 3628 1893 3693 cui
1956 3629 2172 3693 multa
2234 3629 2406 3694 bona
2450 3628 2709 3711 dentur,
2760 3642 2973 3707 neque

780 3767 900 3831 ego
946 3768 1005 3817 e.
1052 3768 1114 3832 q.
1162 3767 1217 3815 s.

872 3873 1129 3937 Acerbe
1175 3871 1700 3953 mordaciterque
1748 3871 2069 3954 rependet
2114 3870 2327 3955 Lyco:

2228 4007 2421 4073 Facis
2468 4005 2839 4088 sapientius

963 4130 1177 4209 Quam
1253 4146 1408 4211 pars
1482 4129 1821 4210 lenonum,
1891 4130 2163 4195 libertos
2232 4129 2346 4210 qui
2414 4128 2664 4193 habent
2731 4129 2800 4192 et
2868 4143 2984 4192 eos

2524 4250 2884 4331 [deserunt.

788 4388 889 4452 Tu
932 4387 1116 4454 enim
1163 4402 1368 4464 negas
1413 4386 1685 4451 omnino
1733 4376 1855 4452 tibi
1905 4388 2223 4453 libertum
2264 4404 2438 4453 esse.
