3459 5300
1549 568 1630 634 51

495 747 661 812 mihi
707 747 993 813 videtur.
1043 747 1113 812 Si
1153 749 1510 830 probamus
1547 753 1660 834 ita,
1706 751 2063 818 Masinissa
2099 751 2212 834 qui
2250 753 2373 818 fiat
2417 757 2498 819 ut
2550 753 2697 835 ipso

495 870 764 934 nomine
826 870 1151 952 Scipionis
1212 874 1548 938 recreetur
1606 873 1920 953 exponit3
1993 874 2098 938 sin
2158 877 2392 940 autem
2454 876 2694 958 itaque,

493 991 978 1073 quodammodo
1018 993 1342 1058 habemus
1385 995 1668 1073 figuram
1716 995 1842 1057 ἀπὸ
1900 999 2111 1074 κοινοῦ,
2159 999 2230 1061 et
2266 996 2388 1062 hoc
2426 996 2697 1079 quidem

496 1113 688 1178 modo
733 1117 832 1196 ut,
884 1113 996 1179 ubi
1041 1115 1516 1196 exspectentur
1561 1116 1732 1181 duae
1778 1117 2154 1183 sententiae
2201 1118 2539 1196 relativae,
2580 1136 2696 1200 pro

494 1234 725 1312 altera,
774 1236 948 1300 sicut
994 1251 1194 1316 saepe
1238 1236 1318 1301 fit
1356 1239 1428 1302 et
1467 1237 1539 1302 in
1577 1255 1884 1305 sermone
1923 1239 2174 1305 Graeco
2212 1241 2283 1305 et
2322 1240 2393 1304 in
2433 1239 2691 1324 Latino,

493 1361 724 1424 exstet
761 1357 1144 1423 enunciatio
1181 1358 1514 1439 primaria.
1562 1359 1810 1426 Eodem
1842 1360 2086 1426 rediret
2108 1379 2235 1443 reS,
2265 1361 2325 1427 si
2347 1362 2445 1428 sic
2465 1362 2694 1444 loque-

495 1485 716 1547 retur:
781 1483 1007 1560 grates
1067 1481 1190 1545 tibi
1247 1497 1388 1562 ago,
1457 1481 1627 1563 quod
1683 1483 2016 1564 conspicio
2063 1482 2455 1565 Scipionem,
2504 1485 2695 1550 cuius

497 1724 626 1789 viri
687 1724 1010 1790 memoria
1069 1741 1441 1804 numquam
1491 1740 1577 1788 ex
1623 1725 1849 1791 animo
1897 1743 2046 1792 meo
2092 1726 2393 1809 discedit,
2443 1727 2567 1804 vel,
2616 1731 2696 1793 ut

495 1847 864 1927 explicetur
923 1846 1135 1927 figura
1198 1843 1322 1907 ἀπὸ
1386 1848 1610 1908 κοινοῦε
1675 1849 1900 1926 grates
1970 1848 2096 1913 tibi
2164 1864 2288 1927 ago
2332 1849 2503 1930 quod
2551 1865 2697 1914 con·

495 1968 700 2050 spicio
759 1942 1167 2048 Scipionem:
1232 1967 1360 2032 ita
1417 1967 1564 2033 eius
1625 1947 1895 2034 nomine
1939 1969 2083 2050 ipso
2129 1973 2384 2035 recreor
2428 1971 2696 2052 itaque

495 2106 552 2154 e.
600 2106 660 2170 q.
709 2107 764 2154 s.
1275 2069 1279 2080 ²
1351 2073 1356 2082 ’
1449 2101 1452 2106 “
1540 2067 1548 2086 ”
1726 2074 1764 2106 ⁵

582 2211 825 2276 Restat
871 2210 1087 2277 adhuc
1128 2211 1312 2276 Pers.
1365 2211 1494 2276 503
1545 2228 1724 2292 sqq,:

674 2332 812 2424 Ego
859 2333 1046 2398 valeo
1093 2334 1274 2428 recte
1321 2335 1394 2397 et
1441 2350 1583 2406 rem
1629 2349 1784 2412 gero
1831 2335 1901 2399 et
1946 2334 2115 2399 facio
2159 2334 2438 2419 lucrum,

675 2455 903 2536 Neque
949 2454 1119 2520 istoc
1164 2455 1375 2520 redire
1421 2455 1528 2520 his
1573 2458 1722 2550 octo
1769 2473 2045 2537 possum
2101 2457 2461 2540 mensibuS,

672 2577 908 2658 Itaque
955 2576 1062 2640 hic
1106 2579 1212 2641 est
1255 2577 1426 2659 quod
1473 2593 1582 2640 me
1630 2577 1888 2643 detinet
1914 2551 2300 2658 negotium.

582 2699 710 2764 Hic
754 2715 984 2764 revera
1028 2716 1129 2779 vs.
1181 2698 1314 2776 505,
1359 2715 1561 2764 causa
1605 2672 1883 2765 affertur
1929 2718 2169 2779 versus
2214 2702 2689 2785 praecedentis,

493 2821 609 2886 sed
673 2824 1021 2902 propterea
1080 2820 1405 2903 particula
1463 2822 1684 2903 itaque
1745 2823 2210 2889 emendatione
2271 2839 2462 2902 egere
2522 2824 2690 2890 mihi

492 2943 790 3035 videtur:
862 2946 982 3009 aut
1051 2942 1476 3035 scribendum
1540 2960 1719 3008 esse·
1758 2932 1856 3008 ita
1916 2948 2037 3009 aut
2082 2962 2371 3027 namque
2429 2962 2687 3011 censeo.

489 3065 865 3151 Aliquando
925 3083 1212 3159 namque
1263 3065 1333 3129 in
1375 3066 1592 3147 itaque
1639 3066 1971 3147 corrumpi
2020 3068 2340 3149 potuisse,
2384 3067 2683 3150 minime,

489 3190 570 3252 ut
615 3161 848 3268 opiror‚
898 3186 1276 3252 incredibile
1322 3194 1447 3254 est.
