3459 5300
1761 575 1887 639 104

719 764 982 843 praeter
1040 759 1260 826 locum
1322 757 1736 827 Curculionis
1796 758 2059 824 nullum
2119 759 2295 839 apud
2356 775 2513 824 eum
2575 757 2921 824 invenitur

719 884 1104 966 exemplum
1163 900 1361 949 casus
1408 882 1653 964 obliqui
1699 881 1934 948 Graeci
1982 882 2273 948 nominis
2319 881 2388 947 in
2433 899 2536 946 -or
2579 881 2916 947 exeuntis.

808 1007 1256 1087 Posteaquam
1302 1004 1518 1084 magis
1566 1003 1819 1070 versari
1865 1006 2226 1085 coeperunt
2267 1021 2423 1069 cum
2464 1003 2753 1084 Graecis,
2795 1003 2918 1069 Ro·

719 1129 902 1194 mani
955 1128 1220 1195 illorum
1269 1128 1652 1194 nominibus
1699 1127 2074 1191 Romanam
2119 1127 2575 1207 quantitatem
2622 1126 2915 1193 tribuere

718 1250 1081 1316 desierunt.
1152 1250 1333 1331 Quod
1380 1267 1417 1315 e
1462 1248 1676 1330 poetis
1723 1248 2018 1328 primum
2063 1248 2295 1314 fecisse
2341 1247 2625 1314 Accium
2670 1247 2914 1329 perspi-

718 1373 895 1438 citur
940 1388 977 1436 e
1025 1371 1347 1438 Varronis
1392 1371 1782 1437 testimonio
1829 1371 1910 1435 de
1959 1369 2242 1436 Valerio.

809 1494 1037 1559 Etiam
1095 1494 1377 1560 LANGEN
1408 1492 1457 1576 ¹)
1522 1493 1595 1557 in
1657 1509 1902 1558 scaena
1962 1495 2194 1558 nostra
2253 1490 2608 1558 nonnullas
2652 1493 2916 1559 invenit

721 1614 1063 1681 molestias
1131 1614 1569 1696 prosodiacas.
1642 1613 1854 1679 Putat
1913 1613 2094 1679 enim
2153 1612 2440 1678 formam
2500 1617 2917 1679 contractam

719 1736 885 1800 dites
950 1753 1049 1801 vs.
1101 1736 1230 1800 472
1278 1738 1350 1800 et
1392 1732 1524 1801 475
1569 1736 1641 1800 et
1688 1734 1820 1800 485
1869 1751 2003 1801 non
2049 1751 2198 1799 esse
2243 1735 2646 1811 Plautinam,
2694 1735 2793 1800 ita
2836 1738 2918 1800 ut

716 1859 857 1923 iam
902 1875 1052 1924 eam
1098 1859 1181 1924 ob
1225 1874 1500 1923 causam
1544 1856 1690 1922 illos
1737 1874 1979 1922 versus
2017 1856 2431 1923 damnandos
2453 1874 2602 1923 esse
2624 1861 2916 1924 censeat.

721 1981 896 2045 Nam
944 1981 1150 2046 etiam
1200 1979 1381 2044 Trin.
1430 1979 1580 2061 829,
1631 1978 1747 2042 ubi
1792 1978 2006 2044 forma
2049 1981 2396 2044 contracta
2442 1978 2764 2061 bisyllaba
2811 1997 2916 2045 ne-

720 2101 1009 2167 cessaria
1069 2104 1199 2176 est,
1258 2100 1564 2182 spurium
1624 2101 1826 2182 ducit,
1893 2104 2094 2181 atque
2155 2117 2289 2166 non
2347 2100 2564 2167 solum
2611 2118 2713 2166 vs.
2764 2103 2914 2184 829,

721 2224 837 2288 sed
898 2223 1108 2287 etiam
1169 2223 1323 2298 828,
1381 2224 1509 2288 831
1562 2221 1769 2304 (hunc
1815 2240 1971 2288 cum
2020 2223 2312 2300 ΒΒῙΧΙΟ),
2359 2223 2510 2304 832,
2560 2225 2630 2288 in
2677 2224 2920 2305 quibus

721 2345 937 2411 multa
984 2349 1168 2422 sunt,
1218 2361 1387 2427 quae
1434 2362 1589 2410 eum
1638 2344 2001 2410 offendant.
2049 2344 2180 2410 Sed
2224 2346 2615 2427 priusquam
2662 2347 2744 2410 de
2789 2346 2920 2412 sin-

721 2465 894 2545 gulis
937 2467 1184 2547 loquar,
1224 2469 1450 2532 totum
1486 2467 1706 2533 locum
1745 2467 2138 2562 exscribam,
2183 2469 2315 2532 825
2377 2485 2519 2549 sqq.
2574 2471 2922 2550 totamque

723 2605 947 2656 meam
983 2588 1063 2655 de
1110 2587 1217 2656 illo
1263 2588 1790 2671 disputationem
1836 2588 1907 2653 in
1952 2575 2208 2656 novum
2253 2589 2590 2657 conferam
2635 2592 2856 2673 caput.

794 2836 855 2904 1)
890 2832 1138 2904 Beitriige
1172 2851 1224 2905 p.
1263 2832 1383 2888 280.
