3459 5300
1774 574 1901 638 168

1780 786 1894 852 VI.

827 908 1047 975 Plaut.
1096 906 1276 972 Trin.
1326 905 1457 972 832
1480 923 1495 969 ε

1099 1029 1306 1095 Fidus
1352 1028 1574 1110 fuisti;
1623 1028 1903 1094 infidum
1950 1045 2100 1095 esse
2145 1027 2418 1095 iterant.

1100 1152 1228 1218 Pro
1272 1152 1519 1218 iterant
1561 1150 1683 1231 leg.
1730 1151 1806 1217 id
1850 1154 2111 1217 errant.

1759 1349 1908 1415 VH.

830 1533 978 1598 Liv.
1013 1532 1275 1616 XXVI,
1318 1533 1439 1599 27:
1479 1533 1725 1599 Eodem
1765 1536 2065 1616 tempore
2103 1536 2363 1614 septem
2404 1533 2740 1615 tabernae,
2768 1546 2936 1613 quae

726 1659 972 1750 ¹postea
1032 1654 1345 1735 quinque,
1400 1656 1472 1719 et
1517 1655 1952 1737 argentariae,
2001 1671 2170 1736 quae
2218 1671 2400 1719 nunc
2446 1652 2676 1718 Novae
2723 1651 2938 1733 appel-

740 1776 987 1856 lantur,
1036 1791 1277 1841 arsere.
1328 1772 1823 1854 Comprehensa
1867 1777 2101 1857 postea
2145 1775 2412 1857 privata
2456 1773 2773 1840 aedificia.

831 1896 1027 1979 Leg.:
1090 1896 1336 1962 Eodem
1384 1899 1683 1978 tempore
1729 1901 1990 1978 septem
2036 1897 2356 1962 tabernae
2391 1932 2454 1942 —
2489 1911 2660 1977 quae
2706 1896 2940 1975 postea

740 2021 1031 2101 quinque
1094 2036 1132 2084 e
1148 2036 1181 2083 r
1196 2035 1296 2085 an
1314 2020 1347 2083 t
1384 2054 1445 2064 —
1482 2017 1923 2097 argentariae,
1984 2035 2156 2100 quae
2215 2034 2396 2083 nunc
2450 2017 2680 2083 Novae
2724 2014 2939 2098 appel·

741 2142 990 2216 lantur‚
1050 2157 1293 2208 arsere.
1342 2139 1836 2222 Comprehensa
1885 2158 1980 2221 po
1999 2145 2081 2207 st
2125 2158 2269 2207 eas
2314 2141 2579 2222 privata
2624 2137 2936 2204 aedificia.

1752 2339 1934 2405 VIII.

834 2522 981 2590 Liv.
1021 2519 1168 2597 XL,
1211 2520 1329 2588 51:
1372 2521 1485 2606 (M.
1528 2519 1809 2587 Fulvius
1847 2522 2120 2607 locavit)
2160 2523 2500 2589 basilicam
2541 2523 2695 2603 post
2716 2536 2940 2601 argen-

746 2645 956 2713 tarias
1010 2643 1238 2711 Novas
1282 2646 1355 2709 et
1398 2642 1617 2710 forum
1662 2644 2098 2726 piscatorium
2146 2644 2577 2711 circumdatis
2622 2641 2942 2709 tabernis.

834 2769 963 2834 Pro
1007 2767 1443 2833 circumdatis
1486 2766 1610 2848 leg.
1657 2768 2242 2834 circumdandum.

837 3074 1075 3141 Catull.
1126 3074 1231 3156 88,
1287 3077 1322 3139 7
1372 3090 1507 3154 sq.:
1777 2968 1901 3032 IX·

839 3228 1013 3294 Nam
1060 3225 1224 3291 nihil
1269 3228 1378 3292 est
1423 3226 1777 3307 quicquam
1825 3224 2106 3302 sceleris,
2156 3243 2285 3308 quo
2330 3227 2604 3307 prodeat
2650 3226 2847 3307 ultra,

934 3348 1085 3415 Non
1132 3348 1192 3414 si
1238 3347 1531 3415 demisso
1578 3365 1650 3413 se
1694 3348 1838 3428 ipse
1881 3351 2077 3415 voret
2122 3349 2359 3430 capite.

749 3503 877 3569 Pro
915 3503 1271 3585 quicquam
1308 3500 1664 3581 legendum
1702 3470 2061 3583 quisquam
2083 3504 2154 3567 et
2175 3501 2784 3583 interpungendum
2810 3500 2941 3565 sict

840 3643 1016 3721 Nam
1053 3654 1218 3720 nihil
1256 3656 1380 3737 est,
1414 3654 1773 3735 quisquam
1795 3654 2063 3733 sceleris
2087 3671 2217 3736 quo
2240 3655 2513 3737 prodeat
2534 3655 2732 3735 ultra,
2758 3670 2939 3734 e.q.s.

1803 3851 1893 3916 X.

842 4033 1196 4100 Sententia
1258 4033 1681 4099 FanmANnr
1741 3994 2161 4103 Scnnonnnm
2236 4035 2470 4120 (‘Neue
2515 4036 2556 4101 J
2558 4033 2943 4102 ahrbficher'

757 4155 925 4221 1891
1000 4172 1063 4235 p.
1131 4154 1255 4223 137
1321 4156 1450 4239 sq.)
1511 4156 1849 4222 censentis
1910 4158 2226 4223 carminis
2287 4159 2415 4223 116
2479 4158 2646 4222 duos
2707 4171 2944 4222 versus

752 4277 1005 4357 priores
1048 4277 1132 4341 ab
1180 4276 1661 4358 epigrammate
1706 4278 1956 4345 alienos
1994 4295 2142 4345 esse
2179 4282 2381 4360 atque
2421 4294 2692 4345 versum
2731 4275 2772 4340 3
2811 4291 2944 4341 car·

757 4398 960 4464 minis
1004 4414 1153 4464 esse
1197 4398 1489 4483 initium,
1539 4415 1674 4464 non
1721 4402 1830 4465 est
1878 4401 2232 4482 probanda.
