<?xml version="1.0" encoding="UTF-8"?>
<!DOCTYPE html PUBLIC "-//W3C//DTD XHTML 1.0 Transitional//EN"
    "http://www.w3.org/TR/xhtml1/DTD/xhtml1-transitional.dtd">
<html xmlns="http://www.w3.org/1999/xhtml" xml:lang="en" lang="en">
 <head>
  <title>
</title>
<meta http-equiv="Content-Type" content="text/html;charset=utf-8" />
  <meta name='ocr-system' content='tesseract 3.04.00' />
  <meta name='ocr-capabilities' content='ocr_page ocr_carea ocr_par ocr_line ocrx_word'/>
</head>
<body>
  <div class='ocr_page' id='page_1' title='image "./deplauticurculi00bossgoog_0049.png"; bbox 0 0 3459 5300; ppageno 0'>
   <div class='ocr_carea' id='block_1_1' title="bbox 1531 580 1614 644">
    <p class='ocr_par' dir='ltr' id='par_1_1' title="bbox 1531 580 1614 644">
     <span class='ocr_line' id='line_1_1' title="bbox 1531 580 1614 644; baseline 0.012 -1"><span class='ocrx_word' id='word_1_1' title='bbox 1531 580 1614 644; x_wconf 83' lang='lat'>37</span> 
     </span>
    </p>
   </div>
   <div class='ocr_carea' id='block_1_2' title="bbox 480 759 2695 2187">
    <p class='ocr_par' dir='ltr' id='par_1_2' title="bbox 480 759 2695 2187">
     <span class='ocr_line' id='line_1_2' title="bbox 480 759 2681 843; baseline -0.002 -11"><span class='ocrx_word' id='word_1_2' title='bbox 480 763 1078 843; x_wconf 89' lang='lat' dir='ltr'>Vorhergehenden</span> <span class='ocrx_word' id='word_1_3' title='bbox 1127 762 1659 841; x_wconf 91' lang='lat' dir='ltr'>eingedrungene</span> <span class='ocrx_word' id='word_1_4' title='bbox 1707 759 2133 825; x_wconf 90' lang='lat' dir='ltr'>incedunt</span> <span class='ocrx_word' id='word_1_5' title='bbox 2179 760 2297 826; x_wconf 88' lang='lat' dir='ltr'>das</span> <span class='ocrx_word' id='word_1_6' title='bbox 2334 763 2505 828; x_wconf 89' lang='lat' dir='ltr'>auch</span> <span class='ocrx_word' id='word_1_7' title='bbox 2546 780 2681 828; x_wconf 87' lang='lat' dir='ltr'>von</span> 
     </span>
     <span class='ocr_line' id='line_1_3' title="bbox 481 871 2683 965; baseline -0.001 -13"><span class='ocrx_word' id='word_1_8' title='bbox 481 887 870 952; x_wconf 79' lang='lat' dir='ltr'>Fleckeisen</span> <span class='ocrx_word' id='word_1_9' title='bbox 947 884 1280 965; x_wconf 89' lang='lat' dir='ltr'>gebilligte</span> <span class='ocrx_word' id='word_1_10' title='bbox 1350 883 1662 948; x_wconf 89' lang='lat' dir='ltr'>absced</span> <span class='ocrx_word' id='word_1_11' title='bbox 1683 900 1728 946; x_wconf 91' lang='lat' dir='ltr'>u</span> <span class='ocrx_word' id='word_1_12' title='bbox 1748 884 1842 946; x_wconf 91' lang='lat' dir='ltr'>nt</span> <span class='ocrx_word' id='word_1_13' title='bbox 1911 882 2179 964; x_wconf 89' lang='lat' dir='ltr'>recipirt</span> <span class='ocrx_word' id='word_1_14' title='bbox 2248 871 2536 956; x_wconf 85' lang='lat' dir='ltr'>werden,</span> <span class='ocrx_word' id='word_1_15' title='bbox 2610 901 2683 950; x_wconf 88' lang='lat' dir='ltr'>so</span> 
     </span>
     <span class='ocr_line' id='line_1_4' title="bbox 485 1003 2683 1092; baseline -0.002 -19"><span class='ocrx_word' id='word_1_16' title='bbox 485 1009 642 1074; x_wconf 89' lang='lat' dir='ltr'>dass</span> <span class='ocrx_word' id='word_1_17' title='bbox 687 1009 804 1073; x_wconf 89' lang='lat' dir='ltr'>der</span> <span class='ocrx_word' id='word_1_18' title='bbox 851 1006 1168 1072; x_wconf 77' lang='lat' dir='ltr'>Gredanke</span> <span class='ocrx_word' id='word_1_19' title='bbox 1213 1005 1545 1070; x_wconf 82' lang='lat' dir='ltr'>entsteht:</span> <span class='ocrx_word' id='word_1_20' title='bbox 1602 1003 1706 1068; x_wconf 90' lang='lat' dir='ltr'>die</span> <span class='ocrx_word' id='word_1_21' title='bbox 1754 1004 2010 1092; x_wconf 85' lang='lat' dir='ltr'>Herren</span> <span class='ocrx_word' id='word_1_22' title='bbox 2062 1004 2211 1069; x_wconf 88' lang='lat' dir='ltr'>sind</span> <span class='ocrx_word' id='word_1_23' title='bbox 2259 1005 2499 1070; x_wconf 90' lang='lat' dir='ltr'>immer</span> <span class='ocrx_word' id='word_1_24' title='bbox 2545 1021 2683 1069; x_wconf 88' lang='lat' dir='ltr'>ver·</span> 
     </span>
     <span class='ocr_line' id='line_1_5' title="bbox 486 1124 2687 1213; baseline -0.001 -19"><span class='ocrx_word' id='word_1_25' title='bbox 486 1133 718 1213; x_wconf 78' lang='lat' dir='ltr'>gniigt,</span> <span class='ocrx_word' id='word_1_26' title='bbox 780 1147 855 1196; x_wconf 93' lang='lat' dir='ltr'>so</span> <span class='ocrx_word' id='word_1_27' title='bbox 900 1128 1092 1208; x_wconf 86' lang='lat' dir='ltr'>lange</span> <span class='ocrx_word' id='word_1_28' title='bbox 1137 1129 1236 1193; x_wconf 89' lang='lat' dir='ltr'>sie</span> <span class='ocrx_word' id='word_1_29' title='bbox 1281 1128 1378 1193; x_wconf 89' lang='lat' dir='ltr'>im</span> <span class='ocrx_word' id='word_1_30' title='bbox 1425 1126 1947 1207; x_wconf 84' lang='lat' dir='ltr'>Thermipolium</span> <span class='ocrx_word' id='word_1_31' title='bbox 1992 1124 2175 1206; x_wconf 89' lang='lat' dir='ltr'>sind;</span> <span class='ocrx_word' id='word_1_32' title='bbox 2224 1127 2318 1191; x_wconf 93' lang='lat' dir='ltr'>ist</span> <span class='ocrx_word' id='word_1_33' title='bbox 2364 1128 2523 1191; x_wconf 88' lang='lat' dir='ltr'>aber</span> <span class='ocrx_word' id='word_1_34' title='bbox 2566 1127 2687 1192; x_wconf 87' lang='lat' dir='ltr'>das</span> 
     </span>
     <span class='ocr_line' id='line_1_6' title="bbox 491 1247 2685 1328; baseline -0.001 -12"><span class='ocrx_word' id='word_1_35' title='bbox 491 1251 654 1317; x_wconf 82' lang='lat' dir='ltr'>Geld</span> <span class='ocrx_word' id='word_1_36' title='bbox 730 1269 814 1314; x_wconf 90' lang='lat' dir='ltr'>zu</span> <span class='ocrx_word' id='word_1_37' title='bbox 887 1249 1091 1324; x_wconf 88' lang='lat' dir='ltr'>Ende‚</span> <span class='ocrx_word' id='word_1_38' title='bbox 1157 1248 1370 1328; x_wconf 85' lang='lat' dir='ltr'>gehen</span> <span class='ocrx_word' id='word_1_39' title='bbox 1443 1249 1540 1313; x_wconf 88' lang='lat' dir='ltr'>sie</span> <span class='ocrx_word' id='word_1_40' title='bbox 1610 1249 1885 1313; x_wconf 80' lang='lat' dir='ltr'>betriibt</span> <span class='ocrx_word' id='word_1_41' title='bbox 1952 1265 2085 1313; x_wconf 89' lang='lat' dir='ltr'>von</span> <span class='ocrx_word' id='word_1_42' title='bbox 2153 1247 2486 1313; x_wconf 89' lang='lat' dir='ltr'>dannen”.</span> <span class='ocrx_word' id='word_1_43' title='bbox 2557 1247 2685 1313; x_wconf 85' lang='lat' dir='ltr'>Sed</span> 
     </span>
     <span class='ocr_line' id='line_1_7' title="bbox 490 1369 2687 1449; baseline -0.001 -12"><span class='ocrx_word' id='word_1_44' title='bbox 490 1375 739 1437; x_wconf 81' lang='lat' dir='ltr'>suntne</span> <span class='ocrx_word' id='word_1_45' title='bbox 807 1370 970 1435; x_wconf 85' lang='lat' dir='ltr'>haec</span> <span class='ocrx_word' id='word_1_46' title='bbox 1037 1369 1316 1435; x_wconf 70' lang='lat' dir='ltr'>Gon‘rzn</span> <span class='ocrx_word' id='word_1_47' title='bbox 1385 1372 1781 1449; x_wconf 88' lang='lat' dir='ltr'>argumenta</span> <span class='ocrx_word' id='word_1_48' title='bbox 1842 1372 2073 1434; x_wconf 82' lang='lat' dir='ltr'>contra</span> <span class='ocrx_word' id='word_1_49' title='bbox 2134 1387 2234 1433; x_wconf 88' lang='lat' dir='ltr'>vs.</span> <span class='ocrx_word' id='word_1_50' title='bbox 2300 1369 2429 1432; x_wconf 85' lang='grc'>293</span> <span class='ocrx_word' id='word_1_51' title='bbox 2494 1372 2687 1434; x_wconf 88' lang='lat' dir='ltr'>tanto</span> 
     </span>
     <span class='ocr_line' id='line_1_8' title="bbox 489 1490 2689 1572; baseline -0.001 -15"><span class='ocrx_word' id='word_1_52' title='bbox 489 1493 794 1572; x_wconf 89' lang='lat' dir='ltr'>graviora</span> <span class='ocrx_word' id='word_1_53' title='bbox 862 1508 1066 1571; x_wconf 89' lang='lat' dir='ltr'>quam</span> <span class='ocrx_word' id='word_1_54' title='bbox 1137 1491 1450 1556; x_wconf 77' lang='lat' dir='ltr'>Ussmeu</span> <span class='ocrx_word' id='word_1_55' title='bbox 1518 1493 1755 1556; x_wconf 89' lang='lat' dir='ltr'>contra</span> <span class='ocrx_word' id='word_1_56' title='bbox 1822 1508 1924 1555; x_wconf 88' lang='lat' dir='ltr'>vs.</span> <span class='ocrx_word' id='word_1_57' title='bbox 2000 1490 2181 1554; x_wconf 78' lang='lat'>292?</span> <span class='ocrx_word' id='word_1_58' title='bbox 2243 1491 2565 1566; x_wconf 89' lang='lat' dir='ltr'>Primum,</span> <span class='ocrx_word' id='word_1_59' title='bbox 2630 1491 2689 1556; x_wconf 90' lang='lat' dir='ltr'>si</span> 
     </span>
     <span class='ocr_line' id='line_1_9' title="bbox 491 1612 2691 1698; baseline 0 -22"><span class='ocrx_word' id='word_1_60' title='bbox 491 1631 730 1679; x_wconf 88' lang='lat' dir='ltr'>verum</span> <span class='ocrx_word' id='word_1_61' title='bbox 789 1615 914 1694; x_wconf 88' lang='lat' dir='ltr'>est,</span> <span class='ocrx_word' id='word_1_62' title='bbox 979 1613 1152 1693; x_wconf 92' lang='lat' dir='ltr'>quod</span> <span class='ocrx_word' id='word_1_63' title='bbox 1199 1629 1402 1693; x_wconf 90' lang='lat' dir='ltr'>supra</span> <span class='ocrx_word' id='word_1_64' title='bbox 1443 1612 1715 1692; x_wconf 87' lang='lat' dir='ltr'>probare</span> <span class='ocrx_word' id='word_1_65' title='bbox 1762 1615 2045 1677; x_wconf 89' lang='lat' dir='ltr'>conatus</span> <span class='ocrx_word' id='word_1_66' title='bbox 2091 1630 2279 1677; x_wconf 87' lang='lat' dir='ltr'>sum:</span> <span class='ocrx_word' id='word_1_67' title='bbox 2334 1613 2485 1698; x_wconf 87' lang='lat' dir='ltr'>„ubi</span> <span class='ocrx_word' id='word_1_68' title='bbox 2532 1613 2691 1694; x_wconf 88' lang='lat' dir='ltr'>quid</span> 
     </span>
     <span class='ocr_line' id='line_1_10' title="bbox 489 1734 2691 1816; baseline 0 -16"><span class='ocrx_word' id='word_1_69' title='bbox 489 1734 922 1816; x_wconf 87' lang='lat' dir='ltr'>subripuere”</span> <span class='ocrx_word' id='word_1_70' title='bbox 970 1735 1384 1816; x_wconf 90' lang='lat' dir='ltr'>iungendum</span> <span class='ocrx_word' id='word_1_71' title='bbox 1431 1751 1579 1800; x_wconf 86' lang='lat' dir='ltr'>esse</span> <span class='ocrx_word' id='word_1_72' title='bbox 1617 1751 1775 1799; x_wconf 90' lang='lat' dir='ltr'>cum</span> <span class='ocrx_word' id='word_1_73' title='bbox 1815 1751 2015 1799; x_wconf 87' lang='lat' dir='ltr'>versu</span> <span class='ocrx_word' id='word_1_74' title='bbox 2054 1735 2496 1815; x_wconf 88' lang='lat' dir='ltr'>praecedenti,</span> <span class='ocrx_word' id='word_1_75' title='bbox 2537 1734 2691 1800; x_wconf 89' lang='lat' dir='ltr'>inde</span> 
     </span>
     <span class='ocr_line' id='line_1_11' title="bbox 488 1855 2692 1938; baseline -0.001 -16"><span class='ocrx_word' id='word_1_76' title='bbox 488 1857 815 1938; x_wconf 89' lang='lat' dir='ltr'>sequitur,</span> <span class='ocrx_word' id='word_1_77' title='bbox 852 1858 928 1921; x_wconf 89' lang='lat' dir='ltr'>ut</span> <span class='ocrx_word' id='word_1_78' title='bbox 973 1859 1253 1937; x_wconf 90' lang='lat' dir='ltr'>uterque</span> <span class='ocrx_word' id='word_1_79' title='bbox 1293 1873 1531 1921; x_wconf 90' lang='lat' dir='ltr'>versus</span> <span class='ocrx_word' id='word_1_80' title='bbox 1567 1855 1960 1921; x_wconf 90' lang='lat' dir='ltr'>retinendus</span> <span class='ocrx_word' id='word_1_81' title='bbox 1985 1855 2098 1920; x_wconf 87' lang='lat' dir='ltr'>sit.</span> <span class='ocrx_word' id='word_1_82' title='bbox 2148 1856 2433 1920; x_wconf 88' lang='lat' dir='ltr'>Omnino</span> <span class='ocrx_word' id='word_1_83' title='bbox 2459 1860 2692 1922; x_wconf 89' lang='lat' dir='ltr'>autem</span> 
     </span>
     <span class='ocr_line' id='line_1_12' title="bbox 489 1953 2695 2058; baseline 0 -16"><span class='ocrx_word' id='word_1_84' title='bbox 489 1977 940 2043; x_wconf 89' lang='lat' dir='ltr'>necessarium</span> <span class='ocrx_word' id='word_1_85' title='bbox 1002 1977 1169 2041; x_wconf 90' lang='lat' dir='ltr'>mihi</span> <span class='ocrx_word' id='word_1_86' title='bbox 1227 1977 1491 2042; x_wconf 86' lang='lat' dir='ltr'>videtur</span> <span class='ocrx_word' id='word_1_87' title='bbox 1535 1953 1645 2042; x_wconf 86' lang='lat' dir='ltr'>illa</span> <span class='ocrx_word' id='word_1_88' title='bbox 1695 1978 1900 2043; x_wconf 85' lang='lat' dir='ltr'>verba</span> <span class='ocrx_word' id='word_1_89' title='bbox 1946 1994 2101 2042; x_wconf 89' lang='lat' dir='ltr'>cum</span> <span class='ocrx_word' id='word_1_90' title='bbox 2148 1978 2695 2058; x_wconf 80' lang='lat' dir='ltr'>praecedentibus</span> 
     </span>
     <span class='ocr_line' id='line_1_13' title="bbox 491 2099 2694 2187; baseline -0 -21"><span class='ocrx_word' id='word_1_91' title='bbox 491 2101 908 2178; x_wconf 90' lang='lat' dir='ltr'>coniungere.</span> <span class='ocrx_word' id='word_1_92' title='bbox 978 2099 1123 2163; x_wconf 88' lang='lat' dir='ltr'>Hoc</span> <span class='ocrx_word' id='word_1_93' title='bbox 1185 2100 1315 2164; x_wconf 91' lang='lat' dir='ltr'>nisi</span> <span class='ocrx_word' id='word_1_94' title='bbox 1361 2099 1668 2175; x_wconf 78' lang='lat' dir='ltr'>facimUS‚</span> <span class='ocrx_word' id='word_1_95' title='bbox 1716 2101 1800 2164; x_wconf 89' lang='lat' dir='ltr'>ob</span> <span class='ocrx_word' id='word_1_96' title='bbox 1846 2101 2128 2187; x_wconf 87' lang='lat' dir='ltr'>eandem</span> <span class='ocrx_word' id='word_1_97' title='bbox 2173 2117 2446 2166; x_wconf 87' lang='lat' dir='ltr'>causam</span> <span class='ocrx_word' id='word_1_98' title='bbox 2495 2116 2694 2165; x_wconf 88' lang='lat' dir='ltr'>versu</span> 
     </span>
    </p>
   </div>
   <div class='ocr_carea' id='block_1_3' title="bbox 373 2221 2689 2305">
    <p class='ocr_par' dir='ltr' id='par_1_3' title="bbox 373 2221 2689 2305">
     <span class='ocr_line' id='line_1_14' title="bbox 373 2221 2689 2305; baseline 0 -18"><span class='ocrx_word' id='word_1_99' title='bbox 373 2283 378 2287; x_wconf 85' lang='lat'><em>.</em></span> <span class='ocrx_word' id='word_1_100' title='bbox 494 2223 622 2286; x_wconf 93' lang='grc'>292</span> <span class='ocrx_word' id='word_1_101' title='bbox 670 2221 963 2288; x_wconf 88' lang='lat' dir='ltr'>offendor</span> <span class='ocrx_word' id='word_1_102' title='bbox 1006 2223 1089 2287; x_wconf 91' lang='lat' dir='ltr'>ob</span> <span class='ocrx_word' id='word_1_103' title='bbox 1137 2239 1342 2302; x_wconf 87' lang='lat' dir='ltr'>quam</span> <span class='ocrx_word' id='word_1_104' title='bbox 1388 2222 1660 2303; x_wconf 78' lang='lat' dir='ltr'>Ussme,</span> <span class='ocrx_word' id='word_1_105' title='bbox 1710 2223 1903 2287; x_wconf 89' lang='lat' dir='ltr'>cuius</span> <span class='ocrx_word' id='word_1_106' title='bbox 1940 2223 2436 2302; x_wconf 77' lang='lat' dir='ltr'>argumentatio</span> <span class='ocrx_word' id='word_1_107' title='bbox 2475 2240 2689 2305; x_wconf 89' lang='lat' dir='ltr'>neque</span> 
     </span>
    </p>
   </div>
   <div class='ocr_carea' id='block_1_4' title="bbox 487 2343 2755 4254">
    <p class='ocr_par' dir='ltr' id='par_1_4' title="bbox 487 2343 2755 4254">
     <span class='ocr_line' id='line_1_15' title="bbox 491 2343 2692 2429; baseline 0 -20"><span class='ocrx_word' id='word_1_108' title='bbox 491 2343 811 2409; x_wconf 87' lang='lat' dir='ltr'>refellitur</span> <span class='ocrx_word' id='word_1_109' title='bbox 858 2361 899 2408; x_wconf 90' lang='lat' dir='ltr'>a</span> <span class='ocrx_word' id='word_1_110' title='bbox 946 2343 1270 2410; x_wconf 70' lang='lat' dir='ltr'>Gon‘rzm:</span> <span class='ocrx_word' id='word_1_111' title='bbox 1327 2344 1513 2429; x_wconf 86' lang='lat' dir='ltr'>„weil</span> <span class='ocrx_word' id='word_1_112' title='bbox 1563 2361 1897 2425; x_wconf 91' lang='lat' dir='ltr'>semper</span> <span class='ocrx_word' id='word_1_113' title='bbox 1944 2345 2130 2410; x_wconf 91' lang='lat' dir='ltr'>nicht</span> <span class='ocrx_word' id='word_1_114' title='bbox 2176 2346 2393 2425; x_wconf 90' lang='lat' dir='ltr'>urgirt</span> <span class='ocrx_word' id='word_1_115' title='bbox 2417 2363 2502 2410; x_wconf 89' lang='lat' dir='ltr'>zu</span> <span class='ocrx_word' id='word_1_116' title='bbox 2528 2362 2692 2411; x_wconf 86' lang='lat' dir='ltr'>wer-</span> 
     </span>
     <span class='ocr_line' id='line_1_16' title="bbox 491 2463 2690 2551; baseline 0.001 -22"><span class='ocrx_word' id='word_1_117' title='bbox 491 2465 617 2532; x_wconf 87' lang='lat' dir='ltr'>den</span> <span class='ocrx_word' id='word_1_118' title='bbox 679 2465 1022 2547; x_wconf 86' lang='lat' dir='ltr'>braucht’&#39;,</span> <span class='ocrx_word' id='word_1_119' title='bbox 1089 2482 1301 2546; x_wconf 90' lang='lat' dir='ltr'>neque</span> <span class='ocrx_word' id='word_1_120' title='bbox 1362 2483 1402 2530; x_wconf 89' lang='lat' dir='ltr'>a</span> <span class='ocrx_word' id='word_1_121' title='bbox 1461 2465 1788 2531; x_wconf 76' lang='lat' dir='ltr'>LANGENO</span> <span class='ocrx_word' id='word_1_122' title='bbox 1820 2463 1901 2548; x_wconf 88' lang='lat'>¹):</span> <span class='ocrx_word' id='word_1_123' title='bbox 1974 2484 2149 2551; x_wconf 89' lang='lat' dir='ltr'>„nun</span> <span class='ocrx_word' id='word_1_124' title='bbox 2215 2467 2476 2550; x_wconf 76' lang='lat' dir='ltr'>damus,</span> <span class='ocrx_word' id='word_1_125' title='bbox 2534 2466 2690 2532; x_wconf 90' lang='lat' dir='ltr'>dass</span> 
     </span>
     <span class='ocr_line' id='line_1_17' title="bbox 491 2586 2688 2668; baseline 0 -14"><span class='ocrx_word' id='word_1_126' title='bbox 491 2588 633 2654; x_wconf 90' lang='lat' dir='ltr'>sich</span> <span class='ocrx_word' id='word_1_127' title='bbox 679 2587 864 2653; x_wconf 89' lang='lat' dir='ltr'>einer</span> <span class='ocrx_word' id='word_1_128' title='bbox 907 2587 1150 2652; x_wconf 90' lang='lat' dir='ltr'>immer</span> <span class='ocrx_word' id='word_1_129' title='bbox 1188 2586 1286 2652; x_wconf 91' lang='lat' dir='ltr'>im</span> <span class='ocrx_word' id='word_1_130' title='bbox 1325 2586 1718 2652; x_wconf 88' lang='lat' dir='ltr'>Wirtshaus</span> <span class='ocrx_word' id='word_1_131' title='bbox 1759 2586 2050 2663; x_wconf 76' lang='lat' dir='ltr'>aufhalt‚</span> <span class='ocrx_word' id='word_1_132' title='bbox 2090 2587 2253 2668; x_wconf 88' lang='lat' dir='ltr'>folgt</span> <span class='ocrx_word' id='word_1_133' title='bbox 2292 2587 2455 2654; x_wconf 89' lang='lat' dir='ltr'>doch</span> <span class='ocrx_word' id='word_1_134' title='bbox 2481 2589 2688 2665; x_wconf 89' lang='lat' dir='ltr'>nicht,</span> 
     </span>
     <span class='ocr_line' id='line_1_18' title="bbox 490 2709 2689 2791; baseline 0 -16"><span class='ocrx_word' id='word_1_135' title='bbox 490 2712 648 2776; x_wconf 85' lang='lat' dir='ltr'>dass</span> <span class='ocrx_word' id='word_1_136' title='bbox 693 2727 764 2775; x_wconf 94' lang='lat' dir='ltr'>er</span> <span class='ocrx_word' id='word_1_137' title='bbox 809 2710 947 2775; x_wconf 93' lang='lat' dir='ltr'>nie</span> <span class='ocrx_word' id='word_1_138' title='bbox 993 2710 1114 2775; x_wconf 88' lang='lat' dir='ltr'>auf</span> <span class='ocrx_word' id='word_1_139' title='bbox 1151 2709 1266 2775; x_wconf 93' lang='lat' dir='ltr'>der</span> <span class='ocrx_word' id='word_1_140' title='bbox 1313 2709 1579 2774; x_wconf 86' lang='lat' dir='ltr'>Strasse</span> <span class='ocrx_word' id='word_1_141' title='bbox 1625 2727 1710 2774; x_wconf 89' lang='lat' dir='ltr'>zu</span> <span class='ocrx_word' id='word_1_142' title='bbox 1760 2709 1997 2775; x_wconf 86' lang='lat' dir='ltr'>treffen</span> <span class='ocrx_word' id='word_1_143' title='bbox 2045 2710 2156 2791; x_wconf 85' lang='lat' dir='ltr'>ist,</span> <span class='ocrx_word' id='word_1_144' title='bbox 2197 2726 2269 2773; x_wconf 90' lang='lat' dir='ltr'>er</span> <span class='ocrx_word' id='word_1_145' title='bbox 2307 2728 2499 2775; x_wconf 93' lang='lat' dir='ltr'>muss</span> <span class='ocrx_word' id='word_1_146' title='bbox 2524 2711 2689 2776; x_wconf 91' lang='lat' dir='ltr'>doch</span> 
     </span>
     <span class='ocr_line' id='line_1_19' title="bbox 491 2828 2688 2909; baseline -0 -13"><span class='ocrx_word' id='word_1_147' title='bbox 491 2848 649 2897; x_wconf 92' lang='lat' dir='ltr'>zum</span> <span class='ocrx_word' id='word_1_148' title='bbox 713 2830 1090 2909; x_wconf 86' lang='lat' dir='ltr'>wenigsten</span> <span class='ocrx_word' id='word_1_149' title='bbox 1151 2830 1256 2894; x_wconf 91' lang='lat' dir='ltr'>die</span> <span class='ocrx_word' id='word_1_150' title='bbox 1317 2828 1730 2895; x_wconf 89' lang='lat' dir='ltr'>zahlreichen</span> <span class='ocrx_word' id='word_1_151' title='bbox 1793 2829 2023 2909; x_wconf 82' lang='lat' dir='ltr'>Gange</span> <span class='ocrx_word' id='word_1_152' title='bbox 2084 2847 2216 2895; x_wconf 88' lang='lat' dir='ltr'>von</span> <span class='ocrx_word' id='word_1_153' title='bbox 2280 2831 2511 2895; x_wconf 90' lang='lat' dir='ltr'>Hause</span> <span class='ocrx_word' id='word_1_154' title='bbox 2573 2831 2688 2897; x_wconf 90' lang='lat' dir='ltr'>hin</span> 
     </span>
     <span class='ocr_line' id='line_1_20' title="bbox 492 2951 2689 3033; baseline 0 -15"><span class='ocrx_word' id='word_1_155' title='bbox 492 2953 630 3019; x_wconf 91' lang='lat' dir='ltr'>und</span> <span class='ocrx_word' id='word_1_156' title='bbox 691 2953 944 3017; x_wconf 78' lang='lat' dir='ltr'>zuriick</span> <span class='ocrx_word' id='word_1_157' title='bbox 1009 2952 1355 3017; x_wconf 87' lang='lat' dir='ltr'>machen&#39;&#39;.</span> <span class='ocrx_word' id='word_1_158' title='bbox 1419 2952 1595 3017; x_wconf 88' lang='lat' dir='ltr'>Nam</span> <span class='ocrx_word' id='word_1_159' title='bbox 1655 2970 1741 3017; x_wconf 82' lang='lat' dir='ltr'>ex</span> <span class='ocrx_word' id='word_1_160' title='bbox 1787 2951 2335 3033; x_wconf 78' lang='lat' dir='ltr'>praecedentibus</span> <span class='ocrx_word' id='word_1_161' title='bbox 2385 2954 2689 3019; x_wconf 88' lang='lat' dir='ltr'>versibus</span> 
     </span>
     <span class='ocr_line' id='line_1_21' title="bbox 489 3072 2690 3157; baseline 0 -16"><span class='ocrx_word' id='word_1_162' title='bbox 489 3078 768 3157; x_wconf 84' lang='lat' dir='ltr'>apparet</span> <span class='ocrx_word' id='word_1_163' title='bbox 824 3092 938 3140; x_wconf 88' lang='lat' dir='ltr'>eos</span> <span class='ocrx_word' id='word_1_164' title='bbox 994 3074 1357 3139; x_wconf 88' lang='lat' dir='ltr'>admodum</span> <span class='ocrx_word' id='word_1_165' title='bbox 1405 3072 1725 3140; x_wconf 88' lang='lat' dir='ltr'>molestos</span> <span class='ocrx_word' id='word_1_166' title='bbox 1770 3090 1919 3139; x_wconf 87' lang='lat' dir='ltr'>esse</span> <span class='ocrx_word' id='word_1_167' title='bbox 1964 3075 2036 3140; x_wconf 91' lang='grc'>111</span> <span class='ocrx_word' id='word_1_168' title='bbox 2081 3074 2194 3140; x_wconf 88' lang='lat' dir='ltr'>via</span> <span class='ocrx_word' id='word_1_169' title='bbox 2241 3092 2690 3157; x_wconf 88' lang='lat' dir='ltr'>magnamque</span> 
     </span>
     <span class='ocr_line' id='line_1_22' title="bbox 489 3196 2686 3280; baseline -0.001 -16"><span class='ocrx_word' id='word_1_170' title='bbox 489 3199 619 3264; x_wconf 91' lang='lat' dir='ltr'>diei</span> <span class='ocrx_word' id='word_1_171' title='bbox 678 3201 941 3279; x_wconf 88' lang='lat' dir='ltr'>partem</span> <span class='ocrx_word' id='word_1_172' title='bbox 1002 3198 1093 3262; x_wconf 91' lang='lat' dir='ltr'>ibi</span> <span class='ocrx_word' id='word_1_173' title='bbox 1154 3196 1426 3261; x_wconf 88' lang='lat' dir='ltr'>versari.</span> <span class='ocrx_word' id='word_1_174' title='bbox 1486 3196 1554 3260; x_wconf 85' lang='lat' dir='ltr'>Si</span> <span class='ocrx_word' id='word_1_175' title='bbox 1604 3196 1722 3260; x_wconf 92' lang='lat' dir='ltr'>uni</span> <span class='ocrx_word' id='word_1_176' title='bbox 1772 3196 1927 3262; x_wconf 89' lang='lat' dir='ltr'>huic</span> <span class='ocrx_word' id='word_1_177' title='bbox 1972 3197 2065 3260; x_wconf 88' lang='lat' dir='ltr'>rei</span> <span class='ocrx_word' id='word_1_178' title='bbox 2112 3197 2351 3262; x_wconf 88' lang='lat' dir='ltr'>darent</span> <span class='ocrx_word' id='word_1_179' title='bbox 2398 3215 2686 3280; x_wconf 91' lang='lat' dir='ltr'>operam,</span> 
     </span>
     <span class='ocr_line' id='line_1_23' title="bbox 490 3318 2690 3401; baseline 0 -16"><span class='ocrx_word' id='word_1_180' title='bbox 490 3324 570 3385; x_wconf 90' lang='lat' dir='ltr'>ut</span> <span class='ocrx_word' id='word_1_181' title='bbox 615 3319 876 3400; x_wconf 86' lang='lat' dir='ltr'>aliquod</span> <span class='ocrx_word' id='word_1_182' title='bbox 922 3318 1421 3399; x_wconf 86' lang='lat' dir='ltr'>thermipolium</span> <span class='ocrx_word' id='word_1_183' title='bbox 1461 3321 1791 3400; x_wconf 89' lang='lat' dir='ltr'>peterent,</span> <span class='ocrx_word' id='word_1_184' title='bbox 1835 3337 1966 3384; x_wconf 93' lang='lat' dir='ltr'>non</span> <span class='ocrx_word' id='word_1_185' title='bbox 2006 3319 2451 3386; x_wconf 85' lang='lat' dir='ltr'>consisterent</span> <span class='ocrx_word' id='word_1_186' title='bbox 2475 3338 2690 3401; x_wconf 91' lang='lat' dir='ltr'>neque</span> 
     </span>
     <span class='ocr_line' id='line_1_24' title="bbox 487 3441 2686 3522; baseline -0 -14"><span class='ocrx_word' id='word_1_187' title='bbox 487 3443 896 3508; x_wconf 89' lang='lat' dir='ltr'>obsisterent</span> <span class='ocrx_word' id='word_1_188' title='bbox 956 3456 1168 3522; x_wconf 88' lang='lat' dir='ltr'>neque</span> <span class='ocrx_word' id='word_1_189' title='bbox 1228 3441 1297 3505; x_wconf 93' lang='lat' dir='ltr'>in</span> <span class='ocrx_word' id='word_1_190' title='bbox 1364 3441 1476 3506; x_wconf 88' lang='lat' dir='ltr'>via</span> <span class='ocrx_word' id='word_1_191' title='bbox 1534 3441 1913 3507; x_wconf 85' lang='lat' dir='ltr'>conferrent</span> <span class='ocrx_word' id='word_1_192' title='bbox 1977 3458 2319 3507; x_wconf 90' lang='lat' dir='ltr'>sermones</span> <span class='ocrx_word' id='word_1_193' title='bbox 2371 3443 2547 3507; x_wconf 89' lang='lat' dir='ltr'>inter</span> <span class='ocrx_word' id='word_1_194' title='bbox 2594 3460 2686 3507; x_wconf 90' lang='lat' dir='ltr'>se.</span> 
     </span>
     <span class='ocr_line' id='line_1_25' title="bbox 491 3560 2755 3646; baseline -0 -18"><span class='ocrx_word' id='word_1_195' title='bbox 491 3565 664 3630; x_wconf 84' lang='lat' dir='ltr'>Tum</span> <span class='ocrx_word' id='word_1_196' title='bbox 709 3562 883 3643; x_wconf 91' lang='lat' dir='ltr'>quod</span> <span class='ocrx_word' id='word_1_197' title='bbox 929 3562 1093 3627; x_wconf 90' lang='lat' dir='ltr'>dicit</span> <span class='ocrx_word' id='word_1_198' title='bbox 1141 3562 1364 3627; x_wconf 78' lang='lat' dir='ltr'>Gon&#39;rz</span> <span class='ocrx_word' id='word_1_199' title='bbox 1409 3563 1580 3643; x_wconf 91' lang='lat' dir='ltr'>quod</span> <span class='ocrx_word' id='word_1_200' title='bbox 1630 3580 1729 3628; x_wconf 89' lang='lat' dir='ltr'>vs.</span> <span class='ocrx_word' id='word_1_201' title='bbox 1783 3564 1911 3629; x_wconf 91' lang='grc'>288</span> <span class='ocrx_word' id='word_1_202' title='bbox 1959 3566 2168 3645; x_wconf 79' lang='lat' dir='ltr'>capite</span> <span class='ocrx_word' id='word_1_203' title='bbox 2205 3566 2444 3646; x_wconf 66' lang='lat' dir='ltr'>operm,</span> <span class='ocrx_word' id='word_1_204' title='bbox 2489 3560 2689 3629; x_wconf 86' lang='lat' dir='ltr'>versu</span> <span class='ocrx_word' id='word_1_205' title='bbox 2748 3620 2755 3627; x_wconf 84' lang='lat'><strong>.</strong></span> 
     </span>
     <span class='ocr_line' id='line_1_26' title="bbox 489 3684 2689 3766; baseline 0 -17"><span class='ocrx_word' id='word_1_206' title='bbox 489 3688 722 3750; x_wconf 90' lang='lat' dir='ltr'>autem</span> <span class='ocrx_word' id='word_1_207' title='bbox 769 3684 897 3749; x_wconf 85' lang='grc'>293</span> <span class='ocrx_word' id='word_1_208' title='bbox 944 3685 1163 3766; x_wconf 79' lang='lat' dir='ltr'>operto</span> <span class='ocrx_word' id='word_1_209' title='bbox 1209 3684 1492 3766; x_wconf 80' lang='lat' dir='ltr'>capitulo</span> <span class='ocrx_word' id='word_1_210' title='bbox 1537 3684 1818 3765; x_wconf 85' lang='lat' dir='ltr'>legatur,</span> <span class='ocrx_word' id='word_1_211' title='bbox 1869 3684 2193 3750; x_wconf 90' lang='lat' dir='ltr'>eiusmodi</span> <span class='ocrx_word' id='word_1_212' title='bbox 2220 3684 2689 3765; x_wconf 85' lang='lat' dir='ltr'>negligentiam</span> 
     </span>
     <span class='ocr_line' id='line_1_27' title="bbox 491 3792 2687 3886; baseline -0.001 -14"><span class='ocrx_word' id='word_1_213' title='bbox 491 3805 827 3873; x_wconf 89' lang='lat' dir='ltr'>committi</span> <span class='ocrx_word' id='word_1_214' title='bbox 886 3804 1154 3886; x_wconf 90' lang='lat' dir='ltr'>quidem</span> <span class='ocrx_word' id='word_1_215' title='bbox 1213 3805 1534 3885; x_wconf 85' lang='lat' dir='ltr'>potuisse,</span> <span class='ocrx_word' id='word_1_216' title='bbox 1585 3805 1866 3871; x_wconf 89' lang='lat' dir='ltr'>minime</span> <span class='ocrx_word' id='word_1_217' title='bbox 1909 3809 2140 3871; x_wconf 87' lang='lat' dir='ltr'>tamen</span> <span class='ocrx_word' id='word_1_218' title='bbox 2188 3806 2257 3870; x_wconf 92' lang='lat' dir='ltr'>in</span> <span class='ocrx_word' id='word_1_219' title='bbox 2304 3792 2535 3873; x_wconf 88' lang='lat' dir='ltr'>limato</span> <span class='ocrx_word' id='word_1_220' title='bbox 2582 3824 2687 3872; x_wconf 86' lang='lat' dir='ltr'>ex-</span> 
     </span>
     <span class='ocr_line' id='line_1_28' title="bbox 491 3926 2686 4009; baseline -0.001 -16"><span class='ocrx_word' id='word_1_221' title='bbox 491 3929 778 4009; x_wconf 87' lang='lat' dir='ltr'>spectari</span> <span class='ocrx_word' id='word_1_222' title='bbox 847 3942 1059 4009; x_wconf 89' lang='lat' dir='ltr'>opere,</span> <span class='ocrx_word' id='word_1_223' title='bbox 1132 3926 1213 3991; x_wconf 92' lang='lat' dir='ltr'>de</span> <span class='ocrx_word' id='word_1_224' title='bbox 1281 3927 1405 3991; x_wconf 89' lang='lat' dir='ltr'>hac</span> <span class='ocrx_word' id='word_1_225' title='bbox 1474 3943 1543 3991; x_wconf 88' lang='lat' dir='ltr'>re</span> <span class='ocrx_word' id='word_1_226' title='bbox 1611 3945 1768 3992; x_wconf 92' lang='lat' dir='ltr'>cum</span> <span class='ocrx_word' id='word_1_227' title='bbox 1839 3929 1978 3993; x_wconf 88' lang='lat' dir='ltr'>viro</span> <span class='ocrx_word' id='word_1_228' title='bbox 2046 3928 2237 3993; x_wconf 87' lang='lat' dir='ltr'>docto</span> <span class='ocrx_word' id='word_1_229' title='bbox 2307 3945 2438 3992; x_wconf 91' lang='lat' dir='ltr'>non</span> <span class='ocrx_word' id='word_1_230' title='bbox 2500 3928 2686 3994; x_wconf 87' lang='lat' dir='ltr'>facio.</span> 
     </span>
     <span class='ocr_line' id='line_1_29' title="bbox 492 4050 2688 4129; baseline 0.001 -13"><span class='ocrx_word' id='word_1_231' title='bbox 492 4051 712 4117; x_wconf 88' lang='lat' dir='ltr'>Versu</span> <span class='ocrx_word' id='word_1_232' title='bbox 778 4051 906 4116; x_wconf 85' lang='lat'>288</span> <span class='ocrx_word' id='word_1_233' title='bbox 969 4050 1184 4129; x_wconf 86' lang='lat' dir='ltr'>magis</span> <span class='ocrx_word' id='word_1_234' title='bbox 1228 4050 1298 4114; x_wconf 92' lang='lat' dir='ltr'>in</span> <span class='ocrx_word' id='word_1_235' title='bbox 1342 4051 1740 4117; x_wconf 87' lang='lat' dir='ltr'>universum</span> <span class='ocrx_word' id='word_1_236' title='bbox 1788 4050 2023 4117; x_wconf 81' lang='lat' dir='ltr'>Graeci</span> <span class='ocrx_word' id='word_1_237' title='bbox 2066 4052 2186 4117; x_wconf 91' lang='lat' dir='ltr'>isti</span> <span class='ocrx_word' id='word_1_238' title='bbox 2230 4052 2547 4116; x_wconf 90' lang='lat' dir='ltr'>dicuntur</span> <span class='ocrx_word' id='word_1_239' title='bbox 2590 4070 2688 4118; x_wconf 88' lang='lat' dir='ltr'>ca·</span> 
     </span>
     <span class='ocr_line' id='line_1_30' title="bbox 492 4171 2691 4254; baseline 0.001 -17"><span class='ocrx_word' id='word_1_240' title='bbox 492 4174 630 4254; x_wconf 88' lang='lat' dir='ltr'>pite</span> <span class='ocrx_word' id='word_1_241' title='bbox 691 4176 917 4253; x_wconf 89' lang='lat' dir='ltr'>operto</span> <span class='ocrx_word' id='word_1_242' title='bbox 979 4171 1050 4236; x_wconf 92' lang='lat' dir='ltr'>in</span> <span class='ocrx_word' id='word_1_243' title='bbox 1109 4172 1448 4253; x_wconf 89' lang='lat' dir='ltr'>publicum</span> <span class='ocrx_word' id='word_1_244' title='bbox 1507 4173 1785 4253; x_wconf 91' lang='lat' dir='ltr'>prodire,</span> <span class='ocrx_word' id='word_1_245' title='bbox 1849 4172 2022 4253; x_wconf 91' lang='lat' dir='ltr'>quod</span> <span class='ocrx_word' id='word_1_246' title='bbox 2066 4173 2388 4237; x_wconf 91' lang='lat' dir='ltr'>nimirum</span> <span class='ocrx_word' id='word_1_247' title='bbox 2436 4172 2691 4239; x_wconf 87' lang='lat' dir='ltr'>faciunt</span> 
     </span>
    </p>
   </div>
   <div class='ocr_carea' id='block_1_5' title="bbox 492 4330 918 4339">
    <p class='ocr_par' dir='ltr' id='par_1_5' title="bbox 492 4330 918 4339">
     <span class='ocr_line' id='line_1_31' title="bbox 492 4330 918 4339; baseline 0 0"><span class='ocrx_word' id='word_1_248' title='bbox 492 4330 918 4339; x_wconf 95' lang='lat' dir='ltr'> </span> 
     </span>
    </p>
   </div>
   <div class='ocr_carea' id='block_1_6' title="bbox 565 4418 1498 4493">
    <p class='ocr_par' dir='ltr' id='par_1_6' title="bbox 565 4418 1498 4493">
     <span class='ocr_line' id='line_1_32' title="bbox 565 4418 1498 4493; baseline 0.004 -21"><span class='ocrx_word' id='word_1_249' title='bbox 565 4420 622 4487; x_wconf 85' lang='lat'>1)</span> <span class='ocrx_word' id='word_1_250' title='bbox 661 4418 1014 4474; x_wconf 76' lang='lat' dir='ltr'>Plautinische</span> <span class='ocrx_word' id='word_1_251' title='bbox 1049 4420 1288 4490; x_wconf 80' lang='lat' dir='ltr'>Studien,</span> <span class='ocrx_word' id='word_1_252' title='bbox 1323 4440 1373 4493; x_wconf 90' lang='lat' dir='ltr'>p.</span> <span class='ocrx_word' id='word_1_253' title='bbox 1412 4423 1498 4477; x_wconf 79' lang='lat'>36.</span> 
     </span>
    </p>
   </div>
  </div>
 </body>
</html>
