3459 5300
1341 1468 1714 1552 CAPUT
1776 1469 1877 1551 V.

768 1942 874 2009 Dc
920 1941 1311 2026 particulae
1356 1941 1599 2023 itaque
1644 1940 1829 2025 apud
1873 1939 2213 2008 Plautum
2258 1959 2413 2008 usu.

584 2129 682 2194 De
741 2128 1106 2210 particulae
1165 2129 1385 2210 itaque
1440 2145 1571 2192 usu
1619 2125 1935 2192 nonnulla
1982 2126 2087 2191 hic
2133 2127 2485 2193 observare
2529 2132 2693 2198 mihi

490 2249 723 2316 liceat:
763 2250 1245 2316 occurrendum
1281 2249 1462 2313 enim
1501 2252 1606 2313 est
1629 2247 1998 2314 multorum
2024 2247 2321 2313 virorum
2347 2248 2694 2318 doctorum

495 2372 871 2437 sententiae
932 2373 1150 2454 itaque
1210 2388 1410 2452 saepe
1469 2351 1768 2436 adhibeti
1830 2386 1948 2451 pro
2009 2371 2104 2437 ita
2152 2371 2225 2436 vi
2269 2372 2539 2438 causali.
2587 2375 2695 2440 Sic

493 2493 672 2558 Bmx
731 2495 814 2559 ad
878 2494 1009 2559 Mil.
1076 2495 1202 2560 108
1263 2496 1582 2560 annotat:
1653 2495 1915 2579 „itaque
1974 2494 2237 2560 einfach
2297 2513 2419 2576 sc,
2483 2497 2689 2562 durch

496 2615 788 2682 solche
835 2615 1074 2698 Mittel‚
1124 2633 1178 2681 s.
1233 2616 1427 2682 1410.
1476 2614 1646 2680 Rud.
1697 2615 1849 2681 369.
1902 2614 2066 2699 5893
2115 2618 2528 2697 gewchnlich
2552 2635 2695 2684 ver-

494 2736 651 2802 tritt
719 2756 792 2804 es
859 2737 1111 2804 freilich
1177 2738 1272 2803 im
1340 2738 1612 2818 Anfang
1679 2738 1796 2803 des
1853 2738 2089 2805 Satzes
2151 2740 2254 2805 die
2312 2740 2515 2806 Stella
2575 2741 2695 2807 des

493 2858 912 2938 emphatisch
951 2860 1462 2939 begrnndenden
1501 2862 1598 2924 ita
1636 2866 1743 2937 (=
1784 2860 1853 2925 in
1894 2861 2074 2927 dem
2111 2861 2348 2940 Grada,
2388 2881 2476 2929 so
2517 2863 2693 2940 sehr)

492 2980 622 3045 wie
684 2980 868 3060 Epid.
931 2981 1019 3045 83
1081 2980 1124 3044 f.
1188 2982 1328 3045 nisi
1388 2978 1701 3057 suffulcis
1762 2980 2071 3061 firmiter,
2126 2982 2281 3049 Non
2316 2986 2501 3066 potes
2544 2984 2693 3049 sub-

491 3101 758 3166 sistere:
797 3101 1024 3182 itaque
1063 3104 1137 3167 in
1170 3103 1228 3165 te
1264 3102 1544 3165 inruont
1583 3108 1835 3187 montes
1872 3103 2055 3179 mali,
2082 3103 2237 3168 Aul.
2271 3105 2422 3169 414.
2450 3106 2688 3173 Bacch.

494 3223 645 3287 242.
695 3223 858 3289 Cist.
903 3222 1053 3287 672.
1095 3223 1274 3289 Pers.
1318 3223 1471 3287 481.
1500 3221 1650 3287 505.
1700 3222 1897 3288 Poen.
1925 3224 2075 3287 200.
2103 3225 2254 3289 398.
2303 3225 2509 3292 Stich.
2541 3229 2692 3305 276,

490 3347 735 3413 ebenso
796 3347 929 3412 Cic.
993 3362 1208 3411 somn.
1271 3343 1444 3425 Scip.
1504 3343 1536 3407 Ι
1564 3343 1667 3422 1”;
1719 3346 1793 3408 et
1838 3342 2125 3410 LANGEN
2154 3344 2205 3429 ¹)
2250 3346 2451 3413 habet
2496 3348 2695 3413 haec:

495 3467 771 3553 „hochst
807 3465 1346 3547 eigenthnmlich‚
1387 3465 1544 3530 aber
1583 3464 1757 3530 duch
1789 3464 1939 3530 eine
1963 3464 2406 3548 hinlangliche
2429 3469 2693 3534 Anzahl

491 3605 626 3653 von
674 3588 1043 3670 Beispielen
1087 3586 1445 3669 geschfitzt
1490 3585 1584 3651 ist
1628 3585 1743 3650 der
1790 3585 2138 3652 Grebrauch
2185 3604 2319 3654 von
2357 3590 2581 3671 itaque
2618 3591 2689 3657 in

491 3709 608 3774 der
651 3708 1028 3775 namlichen
1061 3706 1459 3786 Bedeutung
1504 3706 1686 3783 (dicit
1721 3707 2274 3788 siqnificationem
2311 3713 2685 3796 causalem),

492 3832 795 3896 worfiber
841 3847 998 3897 man
1046 3830 1204 3896 sehe
1249 3828 1504 3894 Lorenz
1551 3827 1689 3892 und
1738 3828 1901 3892 Brix
1939 3845 2024 3893 zu
2066 3828 2197 3893 Mil.
2245 3830 2394 3908 108,
2433 3848 2689 3897 ausser·

488 3951 638 4016 dem
683 3950 940 4017 Lorenz
987 3952 1081 4016 im
1128 3948 1358 4013 Philol.
1407 3946 1513 4031 32,
1567 3948 1735 4028 278;
1785 3948 2044 4013 Ritschl
2091 3950 2312 4016 wollte
2356 3951 2547 4018 dafflr
2590 3957 2688 4020 ita

486 4072 909 4139 herstellcn”.
978 4072 1205 4137 Etiam
1270 4069 1579 4135 Lnotmm
1647 4068 1807 4134 illud
1878 4069 2132 4150 opinari
2192 4070 2347 4137 inde
2406 4078 2685 4154 apparet,

486 4195 658 4275 quod
719 4196 802 4260 ad
851 4194 1088 4259 Bacch.
1141 4193 1270 4256 242
1317 4190 1548 4258 laudat
1591 4190 2100 4256 annotationem
2144 4192 2376 4257 Bmxn
2419 4194 2503 4258 ad
2549 4194 2683 4259 Mil.

559 4425 616 4490 1)
650 4422 685 4478 ι.
723 4422 758 4477 ι.
794 4442 846 4495 p.
885 4426 1005 4481 232.
