3459 5300
1836 550 1876 611 4

739 735 820 795 tu
881 747 991 795 me
1043 747 1253 809 roges,
1316 731 1534 794 dicam
1594 736 1674 794 ut
1734 731 1927 812 sciaS,
1946 745 1967 762 ⁸
1994 730 2114 794 3011
2173 730 2242 792 111
2306 728 2551 793 malam
2596 744 2772 806 rem;
2823 725 2939 790 sed

699 857 920 917 ‘nunc
978 867 1099 930 ego
1158 855 1229 915 te
1287 867 1459 934 rogo,
1503 855 1602 915 'ut
1660 851 1841 916 dicas
1900 855 2095 914 tuam
2142 849 2575 914 sententiam.
2623 847 2935 927 Suspicor

737 977 990 1048 autem,
1031 977 1110 1038 ut
1146 989 1318 1054 quae
1356 976 1784 1053 opponuntur
1822 969 2067 1037 melius
2101 975 2484 1052 appareant,
2512 968 2939 1034 scribendum

739 1113 922 1160 esse:
976 1095 1074 1180 „si
1119 1112 1240 1174 ego
1283 1092 1634 1173 rogitem.”
2226 1089 2231 1096 ’

831 1357 932 1403 vs.
989 1340 1070 1403 15
1117 1356 1259 1419 sqq.

917 1459 1056 1524 PH.
1105 1460 1284 1524 Huic
1328 1475 1737 1540 proxumum
1784 1457 1943 1522 illud
1988 1459 2242 1523 ostium
2292 1456 2846 1522 occlusissimum.

921 1581 1138 1656 Salve,
1184 1579 1527 1656 valuistin,
1576 1581 1832 1646 ostium
1879 1580 2418 1646 occlusissimum
2438 1581 2473 1642 ⁴?

921 1702 994 1765 P.
1041 1701 1361 1766 Caruitne
1407 1701 1609 1767 febris
1654 1707 1725 1766 te
1772 1703 1913 1766 heri
1959 1703 2065 1766 vel
2112 1701 2627 1782 nudiustertiuS,

921 1825 1010 1888 Et
1055 1825 1199 1889 heri
1244 1825 1716 1891 cenavistine?

829 1948 1015 2012 Haec
1077 1952 1241 2013 sunt
1304 1949 1508 2012 verba
1566 1947 1835 2012 tradita.
1903 1947 2123 2011 Habet
2184 1949 2415 2010 autem
2460 1945 2705 2010 Festus
2750 1945 2940 2009 Pauli

740 2088 803 2151 p.
858 2071 1007 2145 179,
1057 2071 1133 2134 8;
1191 2069 1737 2155 ,,00111133111111111;
1790 2069 2239 2134 carissimum.
2286 2069 2605 2133 Plautus:
2653 2067 2938 2133 oculissi·

741 2210 932 2256 mum
991 2193 1244 2257 ostium
1303 2191 1625 2257 amicae.”
1688 2193 1874 2256 Idem
1920 2191 2095 2270 apud
2143 2191 2364 2272 ipsum
2411 2191 2692 2255 Festum
2737 2190 2937 2255 exsti·

739 2315 906 2378 tisse
975 2314 1334 2378 verisimile
1401 2318 1511 2378 est
1571 2332 1656 2379 ex
1726 2313 1831 2390 iis,
1892 2331 2063 2395 quae
2124 2313 2377 2394 reliqua
2436 2317 2632 2378 sunt:
2708 2331 2934 2397 „mum

739 2436 993 2500 ostium
1075 2435 1395 2500 amicae''.
1479 2436 1662 2500 Haec
1732 2437 1893 2517 quin
1967 2439 2274 2500 nostrum
2342 2435 2561 2500 locum
2631 2437 2941 2514 spectent

740 2557 914 2621 haud
954 2556 1232 2621 dubium
1271 2558 1437 2621 mihi
1474 2559 1761 2622 videtur.
1798 2557 1985 2622 Idem
2024 2574 2309 2622 censens
2332 2556 2553 2621 Gon'rz
2586 2554 2632 2638 ¹)
2672 2558 2940 2637 propter

738 2680 898 2744 illud
959 2682 1210 2744 amicae
1268 2680 1548 2745 coniecit
1595 2696 1869 2745 versum
1914 2680 2329 2745 intercidisse
2376 2680 2809 2760 incipientem
2856 2679 2940 2742 ab

739 2803 1008 2881 amicae,
1057 2804 1262 2881 atque
1307 2804 1404 2866 sic
1449 2802 1584 2867 fere
1630 2801 1850 2867 locum
1899 2802 2392 2867 restituendum
2439 2817 2624 2865 esse:

918 2922 1059 2986 PH.
1110 2922 1288 2987 Huic
1334 2922 1714 3002 proximum
1761 2923 1923 2987 illud
1968 2927 2077 2987 est
2120 2923 2581 2987 oculissimum
2627 2923 2879 2987 ostium

920 3044 1216 3109 Amicae.
1263 3044 1335 3107 P.
1385 3044 1548 3109 Mihi
1594 3045 1862 3111 videtur
1905 3046 2459 3110 occlusissimum.

919 3165 1059 3229 PH.
1109 3164 1324 3248 Salve,
1375 3166 1736 3231 valuistine
1783 3184 2012 3249 usque,
2064 3167 2523 3231 oculissimum
2570 3167 2875 3231 ostium?

785 3350 788 3353 ,
829 3286 1059 3367 Neque
1109 3288 1290 3351 enim
1339 3288 1557 3352 solum
1604 3306 1807 3353 versu
1860 3292 1941 3353 16
1991 3289 2268 3369 requirit
2312 3288 2789 3370 acutissimum,
2822 3289 2936 3356 sed

737 3404 945 3473 etiam
1008 3424 1204 3473 versu
1276 3412 1377 3492 15,
1439 3414 1642 3491 atque
1706 3428 1809 3475 vs.
1880 3413 1960 3476 16
2025 3411 2500 3491 praeeuntibus
2546 3411 2822 3475 PYLADE
2868 3416 2939 3479 et

739 3530 1022 3596 Mmzmo
1083 3530 1366 3595 inseruit
1428 3549 1656 3612 usque,
1721 3533 1892 3613 quod
1947 3547 2067 3609 ego
2112 3547 2369 3612 quoque
2417 3531 2534 3594 vix
2581 3532 2939 3596 desiderari

739 3666 934 3733 posse
970 3650 1287 3715 arbitror:
1330 3650 1388 3715 si
1430 3651 1716 3716 valuit
1756 3652 2025 3728 ostium,
2070 3653 2364 3716 neniam
2390 3652 2571 3716 valet
2591 3650 2680 3734 2);
2709 3669 2934 3730 rogan-

739 3772 901 3837 dum
936 3775 1063 3851 est,
1092 3790 1135 3835 u
1151 3789 1442 3853 squene
1467 3771 1769 3855 valuerit,
1797 3776 2001 3853 atque
2026 3774 2267 3838 ceteris
2290 3774 2451 3838 locis
2474 3792 2684 3855 usquc
2706 3791 2938 3841 revera

739 3894 1028 3969 additur,
1076 3894 1159 3958 cf.
1208 3896 1456 3975 Amph.
1506 3896 1636 3959 679
1664 3896 1737 3977 ³),
1788 3896 1937 3970 715,
1988 3896 2225 3960 Bacch.
2271 3896 2418 3978 248,
2463 3895 2583 3975 Ep.
2630 3897 2708 3962 17
2752 3896 2937 3977 (‘per·

739 3992 1011 4096 petue')‚
1068 4016 1214 4089 129,
1265 4016 1458 4081 Merc.
1507 4017 1657 4098 387,
1712 4017 1905 4081 Most.
1956 4018 2108 4093 449,
2156 4017 2336 4082 Pers
2389 4018 2492 4096 23,
2534 4016 2741 4081 Stich.
2784 4020 2937 4086 467.

814 4200 869 4267 1)
907 4199 1180 4270 Leipziger
1217 4200 1439 4255 Studien
1472 4201 1502 4255 I
1537 4220 1590 4273 p.
1629 4204 1751 4257 250.

811 4286 866 4352 2)
907 4284 981 4338 Cf.
1020 4285 1208 4339 Pseud.
1249 4288 1376 4341 311:
1416 4288 1535 4342 ilico
1573 4288 1747 4342 vixit
1783 4294 1999 4357 amator,
2038 4288 2127 4343 ubi
2164 4289 2337 4343 lenoni
2373 4288 2647 4360 supplicat.

815 4372 870 4438 3)
907 4366 1026 4425 Cito
1062 4389 1265 4442 semper
1299 4372 1578 4427 editionem
1620 4375 1978 4429 Lnonnmu.
