3459 5300
1544 603 1667 668 127

502 783 629 848 547
678 803 795 850 nec
853 785 1023 851 mihi
1080 785 1345 866 quidem
1405 786 1681 851 libertus
1745 787 1971 869 ullust,
2032 785 2185 872 Lyc.
2253 789 2472 864 <tu>
2518 787 2690 867 facis

2222 908 2616 990 [sapientius

682 1046 884 1110 quam
956 1029 1296 1094 latronum
1356 1046 1552 1111 pars,
1648 1029 1916 1095 libertos
1986 1025 2106 1111 qui
2171 1030 2408 1096 habent
2475 1032 2533 1095 et
2601 1049 2704 1096 eos

2255 1152 2616 1230 [deserunt.

690 1271 877 1336 Ther.
946 1271 1111 1354 quid
1168 1271 1385 1352 fecisti
1400 1268 1429 1335 2
1501 1271 1649 1356 Lyc.
1699 1273 1875 1354 quod
1923 1273 2287 1355 mandasti,
2337 1275 2439 1339 tui
2490 1275 2696 1349 (ατ)

2052 1394 2348 1474 [honoris
2389 1397 2616 1477 qratia

687 1516 868 1580 tuom
944 1515 1062 1596 qui
1134 1516 1409 1596 siynum
1485 1515 1577 1580 ad
1642 1533 1747 1580 me
1813 1516 2161 1598 attulisset,
2233 1519 2553 1583 nuntium
2625 1537 2706 1584 ne

2177 1637 2622 1720 [rspermaerem.⁸

503 1773 569 1821 v.
637 1755 765 1822 545
833 1760 1099 1822 werden
1163 1756 1313 1821 dem
1376 1755 1569 1822 miles
1630 1755 1736 1821 die
1797 1753 2060 1821 tabellae
2118 1757 2398 1841 gezeigt,
2448 1775 2520 1824 er
2566 1761 2708 1825 rust

503 1876 759 1944 lesend:
806 1877 993 1943 ‘was‘
1021 1877 1178 1943 hast
1226 1878 1315 1943 du
1364 1877 1610 1956 gethan
1629 1877 1685 1942 ‘2’
1738 1875 2090 1942 ‘natfirlich
2135 1877 2373 1944 deinen
2420 1882 2702 1945 wunsch

504 1997 777 2064 erffillt‘?
848 1999 952 2065 bei
1020 1997 1136 2063 der
1203 1998 1618 2076 umstellung
1686 1999 1844 2079 (vgl.
1919 1997 2049 2063 545
2117 2001 2253 2080 qui,
2320 2002 2450 2066 546
2512 2004 2701 2086 quos)

504 2120 719 2199 gieng‚
782 2119 911 2184 wie
971 2137 1045 2185 so
1104 2119 1203 2186 oft
1264 2121 1389 2197 (zb.
1462 2119 1687 2185 hinter
1751 2119 1902 2194 483,
1952 2119 2086 2196 der,
2135 2122 2262 2186 wie
2309 2121 2554 2188 Jordan
2603 2140 2702 2202 ge·

503 2242 697 2323 zeigt,
761 2241 985 2307 hinter
1047 2243 1175 2306 484
1225 2259 1311 2306 zu
1366 2239 1603 2307 stellen
1649 2242 1790 2323 ist),
1838 2243 1946 2308 ein
1998 2260 2151 2308 vers
2197 2244 2516 2328 verloren,
2569 2245 2703 2310 und

503 2363 621 2429 das
659 2366 729 2430 in
769 2365 895 2430 den
937 2364 1074 2430 hss.
1120 2364 1442 2429 stehende
1481 2364 1749 2429 tabellas
1774 2363 1867 2430 ist
1890 2364 2244 2444 allerdings
2268 2365 2386 2430 das
2411 2366 2700 2432 scholion

500 2484 683 2551 eines
726 2486 1268 2551 aufmerksamen
1316 2484 1587 2550 lesers''.

591 2605 668 2673 In
722 2607 968 2690 quibus
1021 2605 1246 2673 verbis
1292 2605 1449 2672 licet
1493 2606 1634 2672 sint
1680 2622 1851 2687 quae
1899 2605 2189 2687 probem,
2237 2606 2426 2688 plura
2471 2611 2701 2678 tamen

501 2729 772 2796 omnino
835 2728 1269 2811 improbanda
1314 2746 1461 2795 esse
1510 2728 1675 2794 mihi
1723 2729 2059 2795 videntur.
2109 2730 2316 2795 Recte
2360 2733 2704 2799 contendit

504 2851 609 2915 vir
664 2851 901 2916 doctus
957 2850 1172 2915 deleto
1217 2868 1320 2915 vs.
1372 2849 1502 2915 545
1549 2852 1709 2914 ante
1760 2848 1884 2913 551
1936 2867 2068 2916 non
2115 2851 2287 2917 satis
2333 2856 2564 2933 aperte
2608 2858 2705 2920 ta-

501 2970 705 3037 bellas
764 2972 1140 3053 significari.
1202 2972 1385 3053 Quod
1442 2972 1525 3037 ad
1573 2975 1796 3036 cetera
1841 2972 2109 3052 attinet,
2159 2991 2328 3055 quae
2373 2974 2696 3059 disputat,

500 3094 772 3175 prorsus
832 3093 916 3158 ab
968 3110 1045 3158 eo
1106 3092 1453 3157 dissentio.
1519 3090 1747 3173 Neque
1810 3092 2001 3157 credo
2063 3093 2399 3175 Lyconem
2464 3096 2701 3162 Thera-

498 3216 857 3297 pontigono
906 3214 1185 3281 tabellas
1229 3213 1603 3294 tradidisse,
1652 3214 1829 3296 quod
1870 3214 1928 3279 si
1974 3214 2263 3292 fecisset,
2311 3216 2503 3282 valde
2548 3218 2701 3284 fuis·

500 3340 605 3401 set
675 3336 1061 3417 imprudens
1130 3335 1592 3415 incautusque,
1666 3351 1882 3415 neque
1954 3352 2229 3401 versum
2295 3336 2425 3403 545
2486 3338 2706 3404 locum

500 3461 826 3523 mutasse.
897 3458 1188 3523 Versum
1258 3457 1539 3523 emendo
1609 3455 1837 3521 delens
1908 3473 2140 3522 vocem
2208 3460 2446 3539 attulit,
2497 3476 2701 3540 quam

498 3578 959 3660 explicationis
1044 3595 1247 3644 causa
1330 3577 1654 3643 insertam
1726 3594 1876 3642 esse
1937 3578 2306 3643 verisimile
2374 3579 2559 3663 ducO,
2632 3585 2704 3645 et

500 3700 947 3781 transponens
986 3700 1253 3765 tabellas
1290 3702 1364 3763 tu
1402 3699 1591 3763 mihi.
1635 3699 1822 3764 Miles
1862 3700 2201 3765 iracundia
2240 3701 2701 3767 infiammatus

502 3819 632 3885 illis
670 3822 890 3887 verbis
912 3821 1123 3886 Lusco
1170 3822 1393 3886 liberto
1437 3823 1508 3885 et
1534 3818 1988 3886 Summanum
2033 3824 2104 3886 et
2150 3822 2440 3899 tabellae,
2487 3826 2699 3905 trape-

503 3942 711 4007 zitam
769 3911 1147 4007 sermofi’em
1206 3957 1516 4023 peragere
1574 3957 1708 4006 non
1772 3940 1953 4025 sinit,
2019 3941 2134 4007 sed
2187 3960 2346 4008 eum
2370 3943 2697 4025 ,interpel-

498 4062 647 4127 lans
687 4078 899 4143 neque
935 4062 1295 4144 respiciens
1332 4061 1609 4127 tabellas
1650 4077 1865 4144 neque
1901 4063 2256 4145 quicquam
2296 4082 2411 4130 eas
2449 4082 2694 4131 curans

499 4185 568 4248 in
615 4185 776 4251 haec
821 4186 1116 4267 erumpit
1163 4186 1394 4250 verba:

1674 4320 1843 4384 quas
1890 4304 2166 4372 tabellas
2209 4310 2289 4371 tu
2336 4309 2519 4392 mihi,

677 4426 852 4506 Quos
877 4431 956 4491 tu
982 4428 1145 4492 mihi
1169 4423 1387 4492 luscos
1408 4426 1703 4501 libertos,
1726 4441 1894 4505 quos
1917 4425 2324 4493 Summanos
2349 4430 2691 4497 somnias?>
