3459 5300
1759 529 1884 593 134

1809 713 1916 777 Nil
1964 711 2140 793 apud
2187 728 2296 777 me
2342 714 2631 797 quidem,

724 829 856 894 565
904 829 1003 896 Ne
1065 831 1274 899 facias
1336 834 1552 910 testis,
1617 849 1831 914 neque
1900 830 2207 915 equidem
2273 831 2475 898 debeo
2541 833 2920 915 quicquam.

1921 927 1928 934 ’
2253 952 2418 1032 [ΤΗ.
2471 953 2639 1035 Quid
2679 957 2832 1021 est?

904 1072 973 1138 C.
1025 1074 1207 1155 Quod
1269 1076 1367 1140 fui
1412 1075 1679 1141 iuratus
1723 1074 1868 1141 feci.
1916 1074 2057 1140 ΤΗ.
2106 1073 2364 1139 Reddin
2410 1091 2500 1138 an
2547 1092 2681 1141 non
2731 1076 2925 1157 virgi-

2331 1200 2511 1274 [nem
2559 1213 2615 1262 e.
2661 1214 2726 1278 q.
2776 1215 2830 1263 s.

722 1315 1033 1381 Annotat
1093 1316 1263 1384 Lno:
1332 1316 1503 1403 „565
1564 1334 1662 1398 sq.
1725 1315 2027 1398 colloquii
2088 1315 2419 1382 decurtati
2479 1317 2768 1397 vestigia
2812 1317 2924 1384 ha·

722 1437 948 1502 bent”.
1012 1437 1194 1518 Quod
1240 1456 1371 1522 qua
1414 1456 1619 1504 causa
1662 1438 2050 1513 arbitretur,
2098 1437 2374 1503 omnino
2420 1454 2556 1503 non
2602 1437 2919 1519 intelligo.

721 1558 945 1625 Verba
1012 1578 1094 1626 ne
1158 1561 1375 1642 facias
1443 1563 1625 1627 testis
1692 1564 1874 1624 recte
1941 1559 2429 1640 interpretatur
2487 1557 2923 1625 Gsonovms:

730 1680 893 1767 „Qui
931 1680 1320 1763 simpliciter
1356 1685 1589 1748 monet
1625 1673 2119 1762 accipiendum:
2154 1697 2240 1746 ne
2263 1680 2334 1744 in
2359 1677 2650 1745 testibus
2689 1683 2922 1746 contra

723 1817 830 1866 me
900 1803 1304 1870 adducendis
1372 1806 1496 1870 aut
1562 1801 2006 1869 subornandis
2073 1799 2369 1867 multum
2437 1819 2516 1867 ac
2577 1802 2919 1868 incassum

720 1920 1011 1989 labores:
1073 1922 1237 1989 lusit
1296 1940 1585 2004 operam.
1648 1922 1719 1988 Si
1772 1922 1923 2004 quis
1969 1921 2041 1987 in
2085 1938 2158 1987 re
2203 1921 2404 1987 dubia
2447 1927 2570 1987 aut
2614 1922 2792 1987 unde
2837 1923 2922 1988 lis

720 2042 876 2108 oriri
913 2047 1161 2126 posset,
1200 2044 1516 2110 audiebat
1544 2042 2007 2109 adversarium
2061 2043 2522 2124 imprudenter
2561 2043 2918 2120 dicentem,

721 2180 851 2244 quo
912 2165 1421 2231 convinceretur
1478 2167 1600 2230 aut
1660 2167 2026 2247 teneretur,
2092 2167 2481 2245 praesentes
2526 2163 2919 2247 appellabat,

726 2286 1194 2352 meminissent
1262 2286 1386 2351 hoc
1451 2287 1536 2352 ab
1594 2286 1729 2352 isto
1791 2286 2065 2366 dictum,
2128 2287 2328 2368 inque
2389 2303 2542 2352 eam
2595 2304 2759 2368 rem,
2810 2288 2923 2352 ubi

720 2423 887 2488 opus
947 2407 1137 2489 foret,
1209 2406 1679 2472 testimonium
1749 2406 2197 2487 perhiberent.
2270 2408 2730 2489 Repentinum
2799 2408 2922 2474 hoc

720 2532 885 2611 erat,
950 2533 1020 2594 et
1078 2528 1302 2594 nullus
1361 2528 1546 2594 locus
1608 2529 2036 2594 subornandi.
2099 2528 2366 2594 Terent.
2416 2528 2697 2612 Adelph.
2748 2532 2809 2596 2.
2864 2532 2921 2595 1.

734 2647 855 2714 Ubi
912 2669 1016 2716 me
1074 2651 1307 2716 dixero
1368 2651 1534 2746 dare
1595 2652 1787 2730 tanti,
1851 2652 2040 2715 testes
2091 2651 2288 2731 faciet
2331 2652 2502 2717 illico
2546 2654 2922 2718 vendidisse

722 2788 843 2836 me.
892 2771 1040 2837 Noli
1086 2788 1350 2853 sperare
1398 2772 1621 2837 verbis
1668 2788 1778 2837 me
1821 2771 1944 2837 abs
1989 2775 2061 2837 te
2107 2772 2643 2839 circumventum
2691 2774 2794 2849 iri,
2842 2778 2922 2839 ut

721 2892 780 2957 si
824 2893 980 2974 quid
1024 2893 1415 2971 ambiguum
1463 2892 1710 2967 dixero,
1765 2895 1844 2956 tu
1892 2897 2239 2973 arreptum
2285 2893 2349 2959 id
2397 2894 2746 2975 appellatis
2791 2898 2920 2960 tes-

720 3013 905 3079 tibus
966 3013 1308 3079 mandes”.
1370 3013 1551 3079 Leno
1611 3015 1814 3088 enim,
1885 3014 2205 3083 nimirum
2266 3014 2540 3093 ignarus
2610 3032 2684 3081 se
2750 3016 2917 3083 falso

718 3134 953 3201 militis
1012 3135 1247 3201 liberto
1313 3136 1642 3216 virginem
1700 3135 2074 3218 tradidisse,
2143 3136 2390 3201 metuit
2437 3152 2522 3202 ne
2562 3134 2755 3202 miles
2802 3138 2916 3204 cir-

718 3258 1104 3324 cumvenire
1166 3275 1239 3323 se
1300 3257 1483 3323 velit.
1538 3256 1691 3322 Ideo
1739 3256 1977 3322 statim
2024 3257 2270 3322 diserte
2314 3258 2509 3323 dicit:
2565 3259 2695 3343 „nil
2741 3260 2916 3341 apud

718 3396 827 3445 me
887 3377 1234 3461 quidem”;
1300 3395 1433 3444 non
1492 3381 1719 3457 rogat:
1790 3379 2000 3465 „quod
2069 3378 2676 3444 mercimonium”‘?
2745 3380 2916 3446 Tum

716 3501 897 3566 enirn
942 3499 1351 3566 concessisse
1398 3499 1523 3565 dici
1569 3502 1834 3581 poterat
1879 3498 2139 3581 aliquod
2187 3499 2696 3565 mercimonium
2739 3501 2914 3582 apud

718 3639 791 3687 se
833 3639 1002 3703 esse,
1049 3621 1147 3687 ita
1191 3624 1270 3687 ut
1308 3621 1499 3687 miles
1539 3624 1757 3688 testes
1792 3623 2009 3688 facere
2046 3624 2273 3703 posset
2309 3621 2615 3688 lenonem
2653 3622 2914 3689 fassum

716 3760 863 3809 esse
931 3743 1437 3809 mercimonium
1506 3742 1772 3825 aliquod
1842 3742 2078 3809 militis
2140 3759 2290 3808 esse
2349 3744 2526 3825 apud
2587 3761 2680 3809 se.
2746 3743 2916 3809 Cum

716 3864 1157 3930 admiratione
1195 3863 1634 3943 interroganti
1671 3864 1903 3931 militi:
1948 3864 2140 3950 „quid
2165 3867 2274 3930 est
2285 3862 2363 3928 ‘?”
2386 3864 2534 3930 leno
2557 3865 2916 3946 respondet

716 3986 782 4052 id
842 3986 1015 4068 quod
1078 3985 1205 4050 fert
1264 3984 1665 4067 primoribus
1723 3985 1944 4063 labris,
1991 3986 2232 4068 quippe
2277 3986 2449 4067 quod
2496 3985 2673 4051 haud
2720 3985 2914 4051 dubie

716 4108 778 4174 ei
840 4124 987 4174 raro
1032 4106 1417 4186 contigerit:
1474 4105 1684 4191 „quod
1733 4106 1830 4171 fui
1875 4107 2162 4183 iuratus,
2209 4106 2400 4173 feci.'’
2447 4106 2633 4172 Miles
2677 4110 2910 4173 autem

716 4228 932 4307 magis
973 4230 1176 4308 atque
1214 4226 1428 4306 magis
1464 4227 1773 4293 irritatus
1812 4244 2024 4309 neque
2063 4228 2382 4294 nimirum
2419 4228 2676 4321 lenonis
2713 4229 2912 4294 iusiu-

714 4348 1000 4415 randum
1038 4349 1390 4429 quicquam
1430 4365 1695 4425 curam,
1734 4348 1896 4429 quin
1933 4349 2141 4415 etiam
2174 4346 2283 4415 illo
2309 4353 2678 4416 memorato
2703 4350 2909 4415 etiam
