3459 5300
1629 572 1712 636 23

722 753 790 817 L.
838 753 1018 818 Abin
1061 753 1445 818 dierectus?
1485 751 1556 816 O.
1599 752 1794 818 Haud
1837 751 2100 818 malast.
2142 752 2215 816 L.
2253 756 2349 820 At
2374 758 2449 820 tu
2476 756 2736 822 malu’s.

632 874 827 940 Most.
877 875 954 939 8:

723 995 854 1060 Abi
902 1013 1038 1070 rus,
1088 995 1197 1060 abi
1244 994 1547 1076 dierecte,
1597 995 1876 1060 abscede
1921 995 2006 1060 ab
2052 995 2277 1061 ianua.

635 1117 832 1182 Most.
884 1117 1036 1182 849.
1083 1114 1250 1181 85οε

730 1238 887 1304 Est!
928 1239 1056 1320 abi,
1084 1238 1270 1303 canis
1311 1238 1450 1304 est!
1489 1237 1644 1303 abin
1669 1237 2008 1306 dierecta‘?
2044 1240 2198 1305 abin
2224 1241 2377 1304 hinc
2401 1241 2468 1305 in
2496 1241 2742 1307 malam

2316 1366 2601 1440 [crucem
2618 1365 2653 1427 ’Β

640 1480 841 1546 Poen.
897 1481 1059 1546 160:

727 1603 811 1666 A.
863 1601 994 1666 Abi
1042 1602 1393 1668 dierectus.
1442 1602 1527 1667 M.
1576 1601 1693 1667 Dic
1738 1602 1905 1667 mihi
1948 1619 2106 1668 vero
2154 1603 2345 1668 serio.

636 1724 834 1789 Poen.
884 1724 1050 1791 347:

730 1845 816 1910 M.
868 1845 1120 1912 Bellula
1165 1847 1400 1913 hercle.
1443 1847 1526 1912 A.
1568 1846 1600 1911 I
1637 1845 1927 1912 dierecte
1963 1847 2031 1911 in
2073 1863 2463 1912 maxumam
2505 1847 2748 1914 malam

2348 1973 2657 2046 [crucem.

637 2089 806 2154 Rud.
863 2089 1068 2156 1170:

727 2213 798 2277 P.
856 2213 1015 2279 Post
1064 2212 1377 2279 sicilicula
1401 2213 1803 2292 argenteola
1848 2217 1921 2278 et
1965 2213 2134 2279 duae
2179 2229 2470 2278 conexae
2516 2230 2743 2278 manu·

2328 2334 2536 2412 [culae
2584 2339 2655 2398 et

728 2453 990 2521 Sucula:
1053 2454 1132 2522 G.
1197 2455 1369 2536 Quin
1432 2460 1509 2521 tu
1566 2457 1589 2520 i
1636 2456 1944 2539 dierecta,
1995 2474 2148 2522 cum
2196 2454 2427 2521 sucula
2472 2459 2543 2520 et
2588 2473 2743 2520 cum

1025 2644 1030 2651 ,
2326 2577 2651 2658 [porculis.

637 2698 816 2763 Trin.
869 2698 1034 2765 457:

723 2820 795 2885 L.
847 2821 1024 2886 Abin
1064 2821 1219 2886 hinc
1258 2821 1594 2887 dierecte‘?
1627 2820 1693 2885 S.
1717 2818 1786 2885 Si
1809 2821 2023 2885 hercle
2047 2822 2145 2886 ire
2166 2820 2500 2904 occipiam,
2530 2822 2742 2884 votes.

636 2942 986 3009 Praeterea
1073 2943 1334 3009 Nomos
1421 2944 1601 3009 hunc
1683 2943 1882 3008 affert
1950 2948 2222 3009 versum
2294 2942 2743 3007 Eumenidum

550 3062 903 3129 Varronis:

726 3182 952 3268 Apage
990 3188 1056 3251 in
1099 3185 1466 3252 dierectum
1505 3204 1546 3251 a
1578 3186 1773 3252 domo
1796 3189 2030 3252 nostra
2054 3187 2259 3251 istam
2284 3186 2741 3251 insanitatem.

634 3306 818 3387 Quod
867 3308 949 3372 ad
997 3325 1346 3374 summum
1391 3308 1666 3389 attinet,
1707 3308 1788 3373 de
1828 3285 2013 3374 vocis
2058 3325 2186 3373 usu
2226 3311 2405 3373 recte
2444 3306 2748 3386 disputat

543 3428 794 3495 Omous
825 3425 907 3514 ¹):
979 3430 1101 3513 „it
1131 3431 1191 3495 is
1238 3430 1403 3496 used
1452 3431 1710 3513 always
1757 3431 1925 3496 with
1973 3431 2171 3495 verbs
2215 3430 2288 3495 of
2327 3429 2598 3511 motion,
2649 3425 2745 3510 (1)

542 3567 619 3615 as
682 3567 724 3615 a
785 3551 1112 3633 vocative,
1178 3552 1275 3635 (2)
1339 3570 1416 3618 as
1476 3570 1518 3618 a
1581 3553 1998 3619 nominative
2058 3552 2367 3630 agreeing
2412 3550 2583 3615 with
2631 3548 2746 3613 the

545 3673 725 3755 verb,
792 3672 884 3753 (3)
946 3691 1023 3738 as
1085 3691 1171 3739 an
1237 3675 1623 3740 accusative
1685 3674 1997 3754 agreeing
2056 3673 2224 3737 with
2289 3673 2403 3737 the
2463 3667 2744 3751 object.”

546 3793 676 3863 Pro·
734 3794 958 3861 verbis
1013 3796 1327 3861 movendi
1373 3797 1676 3878 equidem
1725 3796 1929 3861 verba
1983 3791 2413 3879 „amovendi”
2462 3792 2745 3858 dixerim

546 3915 806 3996 potius;
873 3920 1214 3996 praeterea
1281 3917 1533 3983 formas
1600 3917 1666 3981 in
1730 3935 1782 3981 -e
1842 3919 2173 3981 exeuntes
2223 3914 2535 3979 adverbia
2580 3913 2746 3978 mihi
2839 3897 2849 3906 ’

545 4052 696 4102 esse
743 4036 971 4119 videri,
1025 4054 1154 4101 non
1209 4038 1569 4121 vocativOS‚
1622 4056 1779 4103 mox
1828 4035 2191 4119 apparebit.

639 4158 890 4223 Veram
930 4160 1115 4224 vocis
1144 4159 1430 4225 formam
1453 4160 1797 4224 invenisse
1822 4158 1986 4223 mihi
2011 4157 2277 4222 videtur
2302 4156 2743 4237 Nm'rnnsmP,

625 4417 678 4484 l)
715 4415 944 4470 Journal
981 4415 1039 4470 of
1073 4414 1348 4487 Philology
1391 4415 1521 4468 XIV
1559 4433 1607 4485 p.
1647 4416 1712 4469 61
1751 4432 1826 4486 sq.
