3459 5300
1792 515 1878 578 64

729 696 974 763 refellit
1033 695 1436 775 Ussmonm,
1502 694 1857 760 concedere
1918 693 2152 776 possit·
2192 691 2397 758 verba
2460 689 2755 772 ‘sequere
2803 687 2938 752 me'

742 835 820 904 „a
879 816 1318 896 grammatico
1385 815 1672 881 fortasse
1737 815 1943 880 inseri
2001 813 2319 894 potuisse,
2384 828 2539 876 cum
2598 807 2937 892 pedisequi

739 936 998 1003 nullum
1064 935 1220 1002 alibi
1291 936 1657 1015 vestigium
1723 935 2015 1017 exstet”,
2080 951 2213 1000 non
2253 932 2596 1027 ‚intellig03
2661 930 2943 996 minime

733 1059 846 1124 illa
915 1059 1120 1124 verba
1189 1056 1709 1138 grammaticum
1771 1056 2091 1122 redolent.
2173 1055 2343 1121 Cum
2404 1070 2596 1135 porro
2658 1049 2942 1117 arbitrer

736 1183 892 1262 post
953 1178 1581 1260 interrogationem:
1653 1179 1841 1264 „quis
1901 1178 2009 1243 hic
2072 1180 2200 1253 est,
2282 1175 2397 1257 qui
2468 1172 2944 1255 Aesculapium

743 1301 997 1367 salutat
1015 1300 1093 1364 ‘?”
1154 1299 1407 1380 optime
1470 1299 1596 1364 dici
1662 1315 1891 1380 posse:
1948 1300 2183 1384 „attat‚
2234 1311 2431 1378 quem
2478 1268 2940 1377 quaerebam”‚

747 1422 788 1486 i.
830 1439 887 1486 e.
955 1421 1056 1502 ‘is,
1118 1437 1316 1502 quem
1379 1417 1819 1500 quaerebam'‚
1883 1418 2108 1484 omnia
2167 1421 2347 1484 recte
2393 1434 2466 1483 se
2510 1417 2778 1482 habent.
2828 1414 2945 1480 De-

749 1543 1200 1610 monstrativa
1259 1542 1598 1607 sententia
1651 1541 1923 1607 omnino
1968 1558 2135 1623 opus
2182 1557 2314 1606 non
2360 1543 2486 1616 est,
2534 1554 2945 1620 quamquam

748 1667 879 1731 huc
941 1683 1074 1732 non
1133 1665 1296 1730 facit
1341 1682 1538 1746 quem
1587 1665 1786 1730 affert
1830 1664 2096 1730 Somm
2142 1680 2417 1728 versum
2462 1662 2629 1727 610:
2684 1661 2948 1745 „salvos

751 1803 938 1852 sum:
1009 1803 1239 1852 eccum
1305 1803 1504 1867 quem
1565 1786 1987 1867 quaerebam.
2051 1783 2207 1866 quid
2279 1783 2439 1864 agis,
2514 1783 2680 1846 bone
2748 1780 2853 1845 vir
2868 1777 2948 1843 ‘2⁹’

757 1907 932 1974 Nam
991 1909 1098 1974 hic
1167 1907 1278 1974 illa
1339 1907 1872 1972 demonstrativa
1934 1905 2290 1980 sententia,
2354 1921 2553 1985 quam
2619 1901 2951 1966 desiderat

759 2030 1030 2106 Ussmo,
1077 2029 1257 2094 inest
1302 2028 1370 2092 in
1415 2045 1652 2093 eccum.

853 2289 954 2337 vs.
1004 2270 1136 2336 454
1185 2288 1324 2353 sqq.
1374 2270 1723 2337 Parasitus
1770 2270 2137 2352 trapezitae
2184 2267 2519 2352 persuasit
2558 2283 2630 2332 se
2667 2284 2708 2332 a
2746 2263 2957 2330 milite

766 2392 1052 2457 missum
1097 2409 1264 2458 esse.
1315 2393 1439 2474 Qui
1487 2392 1676 2474 sequi
1724 2409 1881 2457 eum
1930 2393 2145 2480 iubet:

944 2511 1224 2594 Sequere
1277 2515 1416 2596 hac,
1466 2517 1536 2579 te
1584 2513 1931 2579 absolvam
1974 2530 2105 2606 qua
2150 2511 2486 2578 advenisti
2533 2510 2767 2591 gratia.

856 2634 1026 2701 Tum
1074 2639 1448 2717 sequuntur
1493 2636 1692 2728 haec:

767 2754 898 2819 455
945 2757 1173 2838 Atque
1216 2774 1446 2822 eccum
1493 2756 1702 2822 video.
1747 2757 1917 2837 lenc,
1960 2756 2162 2823 salve.
2212 2757 2347 2822 CA.
2398 2756 2479 2821 Di
2524 2760 2593 2821 te
2640 2760 2894 2823 ament.

943 2877 1018 2942 L.
1069 2877 1234 2959 Quid
1281 2880 1403 2943 hoc
1441 2852 1611 2959 quod
1649 2880 1734 2943 ad
1774 2882 1843 2944 te
1884 2879 2131 2943 venio?
2170 2878 2307 2944 CA.
2344 2878 2539 2944 Dicas
2578 2879 2734 2960 quid
2776 2878 2962 2943 velis,

947 2998 1023 3061 L.
1072 3000 1450 3078 Argentum
1496 3000 1799 3081 accipias,
1849 3017 2002 3064 cum
2047 3000 2158 3065 illo
2208 3000 2448 3066 mittas
2494 3001 2842 3079 virginem.

951 3119 1085 3184 CA.
1129 3120 1295 3199 Quid
1343 3119 1514 3201 quod
1559 3121 1824 3185 iuratus
1864 3122 2069 3185 sum?
2115 3121 2188 3185 L.
2256 3120 2423 3201 Quid
2469 3121 2536 3185 id
2579 3120 2786 3221 refert
2823 3122 2965 3195 tua,

949 3239 1124 3305 Dum
1149 3244 1504 3320 argentum
1527 3241 1859 3322 accipias?
1886 3241 2022 3306 CA.
2050 3242 2176 3321 Qui
2200 3243 2437 3311 monet.
2452 3242 2643 3322 quasi
2667 3242 2963 3319 adiuvat.

949 3361 1336 3443 Sequimini.
1388 3362 1521 3428 GV.
1569 3362 1773 3438 Len0‚
1822 3380 1986 3428 cave
2031 3363 2103 3427 in
2153 3367 2223 3428 te
2272 3364 2363 3428 slt
2410 3381 2595 3428 mora
2640 3363 2825 3428 mihi.

860 3482 936 3546 In
982 3482 1089 3547 his
1135 3499 1394 3564 quoque
1440 3484 1746 3548 versibus
1792 3484 1919 3548 viri
1963 3483 2137 3548 docti
2186 3484 2641 3549 retractatoris
2688 3501 2965 3549 manum

768 3604 1122 3683 agnovisse
1179 3605 1305 3671 sibi
1361 3604 1693 3670 videntur.
1760 3605 1935 3686 Quos
1998 3606 2155 3687 quid
2219 3606 2289 3669 in
2345 3605 2429 3671 iis
2473 3605 2784 3681 offendat,
2830 3606 2963 3669 Lno

771 3724 867 3789 sic
927 3725 1155 3805 paucis
1221 3726 1441 3793 verbis
1501 3728 1822 3790 annotat:
1885 3725 2077 3811 „finis
2124 3742 2401 3791 scaenae
2444 3744 2485 3792 a
2530 3730 2964 3793 retractatore

771 3845 1076 3920 adsutuS‚
1143 3844 1224 3910 cf.
1299 3844 1618 3910 Goetzius
1679 3846 1749 3910 in
1812 3850 1941 3910 act.
2008 3844 2182 3928 Lips.
2250 3849 2312 3927 6,
2367 3847 2494 3914 278
2544 3865 2673 3929 sq.;
2727 3848 2971 3928 pendet

774 3985 840 4032 v.
905 3965 1036 4031 455
1093 3965 1326 4041 lenone
1387 3982 1522 4029 non
1583 3971 1971 4042 memorato,
2038 3968 2245 4032 nimis
2309 3968 2556 4033 concisi
2620 3968 2771 4032 456.
2817 3966 2969 4051 457,

772 4105 907 4152 non
954 4087 1347 4169 intelligit-ur
1394 4087 1542 4169 458,
1587 4104 1741 4151 cum
1781 4088 2246 4154 iusiurandum
2288 4089 2698 4155 Phaedromo
2740 4090 2973 4155 datum

772 4209 1152 4289 ignoremus
1220 4208 1323 4283 (cf.
1392 4208 1796 4274 Ribbeckius
1866 4212 1979 4276 rel.
2069 4228 2201 4275 soc.
2272 4211 2451 4290 Lips.
2531 4212 2720 4293 1879,
2794 4209 2973 4291 81)”.

777 4329 1069 4395 Versum
1133 4330 1261 4394 455
1333 4332 1572 4413 „atque
1636 4348 1868 4396 eccum
1933 4332 2165 4397 video'’
2223 4349 2357 4397 non
2406 4333 2501 4397 sic
2550 4333 2737 4413 sequi
2781 4348 2975 4414 posse
