3459 5300
1563 607 1691 672 103

532 787 884 854 nominum
920 789 1256 867 genitivos
1295 789 1726 872 corripiunt-”3
1767 791 1993 870 Quint.
2022 792 2070 872 I,
2103 793 2164 867 5,
2190 793 2310 858 60:
2355 795 2728 879 „Castorem

530 910 751 976 media
818 910 1075 993 syllaba
1142 911 1464 991 producta
1523 913 2113 992 pronuntiarunt”.
2179 914 2450 982 Praeter
2511 936 2732 985 exem—

531 1033 716 1113 plum
776 1031 1127 1099 laudatum
1188 1050 1229 1098 a
1292 1033 1592 1100 Varrone
1654 1035 1864 1100 etiam
1926 1036 2056 1101 duo
2101 1040 2382 1102 exstant
2426 1042 2732 1122 exempla

530 1154 829 1220 eiusdem
900 1159 1133 1235 poetae
1180 1157 1354 1237 apud
1403 1155 1532 1222 Cic.
1580 1157 1648 1221 in
1697 1157 1892 1222 Tusc.
1943 1158 2134 1240 disp.,
2182 1160 2472 1226 alterum
2519 1163 2567 1244 I,
2622 1165 2727 1245 44,

540 1275 701 1340 105:
758 1276 1159 1356 „Hectorem
1206 1295 1407 1342 curru
1454 1278 1844 1360 quadriiugo
1891 1280 2278 1363 raptarier”,
2321 1282 2607 1348 alterum
2647 1284 2729 1365 H,

539 1400 645 1475 17,
690 1398 813 1463 39:
885 1399 1038 1482 „ubi
1097 1399 1367 1464 fortuna
1414 1399 1719 1465 Hectoris
1767 1403 2069 1467 nostram
2115 1419 2338 1468 acrem
2383 1405 2592 1470 aciem
2639 1407 2732 1472 in·

532 1519 918 1585 clinatam”.
966 1519 1153 1586 Licet
1198 1521 1405 1601 igitur
1448 1523 1723 1586 tantum
1771 1522 2064 1588 nominis
2111 1522 2420 1590 Hectoris
2457 1530 2734 1592 exstent

541 1640 867 1722 exempla,
928 1644 1158 1707 tamen
1224 1659 1357 1707 non
1421 1640 1609 1706 facile
1670 1645 1779 1708 est
1839 1643 2208 1718 intellectu,
2265 1645 2422 1725 quid
2492 1646 2531 1711 J
2535 1663 2733 1712 oRnA-

535 1781 683 1828 mm
742 1781 1011 1828 movere
1074 1765 1306 1844 possit,
1370 1767 1453 1829 ut
1511 1781 1710 1830 casus
1755 1765 2052 1846 obliquos
2097 1767 2390 1833 nominis
2439 1767 2736 1835 Castoris

533 1886 711 1966 apud
758 1889 1023 1952 veteres
1074 1887 1562 1968 paenultimam
1600 1888 1993 1969 produxisse
2054 1889 2222 1954 nolit
2259 1890 2542 1966 credere,
2581 1909 2736 1956 cum

536 2008 807 2090 quidem
868 2009 948 2074 de
1012 2009 1282 2075 nomine
1343 2009 1655 2075 Hectoris
1714 2014 2000 2076 constet.
2064 2012 2299 2096 Imm0,
2367 2013 2426 2078 si
2473 2016 2738 2078 veteres

543 2147 785 2197 nomen
851 2131 1163 2197 Hectoris
1223 2131 1557 2197 flexerunt
1600 2137 1948 2213 tamquam
1995 2134 2053 2199 si
2094 2151 2338 2199 nomen
2384 2137 2566 2199 esset
2613 2135 2733 2200 Ro·
2789 2189 2794 2197 .

537 2271 837 2329 manum,
901 2257 1097 2320 tanto
1155 2249 1577 2320 verisimilior
1636 2255 1706 2318 in
1755 2255 2025 2320 nomine
2073 2255 2368 2322 Castoris
2414 2274 2580 2321 usus
2627 2257 2734 2322 ille

536 2378 676 2440 est:
748 2374 926 2440 hunc
984 2375 1167 2440 enim
1230 2376 1433 2440 deum
1494 2392 1531 2440 e
1594 2375 1872 2442 Graecia
1932 2393 2080 2443 esse
2140 2377 2493 2444 oriundum
2557 2379 2732 2444 haud

536 2495 733 2562 dubie
801 2494 1097 2578 plerique
1164 2497 1451 2562 Romani
1519 2497 1656 2561 iam
1724 2501 1920 2563 erant
1987 2499 2192 2565 obliti.
2258 2500 2440 2580 Quod
2500 2505 2732 2567 autem

534 2618 839 2702 exempla
898 2622 1174 2685 tantum
1218 2619 1593 2685 afferuntur
1638 2621 1932 2687 nominis
1979 2621 2288 2687 Hectoris
2334 2621 2733 2705 (secundum

536 2742 903 2807 JOBDANUM
962 2742 1171 2807 etiam
1220 2740 1545 2823 NestoriS,
1595 2742 1709 2806 sed
1757 2742 1961 2808 huius
2007 2744 2300 2809 nominis
2346 2745 2733 2826 exemplum

534 2881 668 2929 non
715 2864 970 2942 inveni)
1017 2879 1224 2944 eaque
1270 2882 1352 2930 ex
1398 2863 1632 2946 Enni0,
1684 2863 2007 2929 nimirum
2045 2881 2181 2929 non
2221 2869 2345 2949 est,
2389 2883 2508 2931 cur
2546 2865 2732 2931 Plau-

528 2988 680 3050 tum
725 2984 955 3051 eadem
1006 3002 1208 3051 usum
1255 2984 1694 3051 declinatione
1741 2985 2145 3051 dubitemus.
2211 2987 2444 3052 Plures
2491 3004 2732 3055 causae

528 3124 680 3174 esse
749 3110 1135 3188 potuerunt,
1206 3125 1324 3173 cur
1394 3108 1607 3174 Varro
1673 3125 1890 3189 neque
1952 3110 2333 3191 exemplum
2395 3126 2432 3173 e
2492 3110 2731 3176 Plauto

529 3228 796 3294 afferret
857 3245 1074 3309 neque
1137 3229 1429 3294 nominis
1492 3228 1792 3295 Castoris
1847 3228 1954 3293 hic
2003 3229 2247 3295 faceret
2293 3230 2728 3296 mentionem.

528 3351 831 3417 Primum
899 3351 1080 3417 enim
1148 3368 1388 3417 nomen
1459 3351 1790 3427 Hectoris,
1861 3352 2103 3432 quippe
2164 3352 2338 3433 quod
2399 3352 2728 3417 Graecum

530 3490 677 3539 esse
741 3473 1201 3553 unusquisque
1268 3473 1507 3539 statim
1569 3474 1876 3554 sentiret,
1924 3474 2141 3552 magis
2187 3473 2455 3539 valebat
2498 3474 2581 3539 ad
2627 3474 2728 3539 de·

530 3594 1041 3660 monstrandum
1104 3595 1277 3676 quod
1341 3594 1800 3660 demonstrare
1860 3596 2124 3661 volebat
2142 3616 2157 3676 ;
2214 3595 2448 3661 deinde
2497 3612 2611 3676 per
2657 3614 2729 3663 se

528 3714 924 3795 intelligitur
983 3716 1304 3781 Plautum
1360 3733 1492 3781 non
1544 3720 1685 3781 tam
1733 3716 2058 3799 exemplis
2105 3717 2480 3783 abundasse
2526 3734 2728 3799 quam

529 3836 841 3917 Ennium,
883 3838 996 3918 qui
1043 3838 1311 3918 quidem
1346 3839 1633 3904 Graecas
1678 3839 2054 3917 tragoedias
2100 3838 2340 3904 Latine
2385 3839 2724 3919 vertisset,

529 3963 609 4023 ut
655 3959 908 4024 nemini
956 3959 1206 4024 mirum
1252 3960 1461 4025 videri
1504 3961 1722 4042 possit
1767 3962 1941 4042 apud
1987 3978 2144 4025 eum
2169 3960 2356 4039 plura
2379 3960 2728 4025 exstitisse

528 4081 833 4163 exempla
895 4082 1245 4147 nominum
1310 4082 1733 4157 Graecorum,
1796 4099 1966 4163 quae
2029 4082 2228 4160 vulgo
2288 4085 2483 4146 erant
2546 4085 2726 4157 nota,

527 4218 729 4283 quam
775 4202 951 4283 apud
999 4201 1336 4282 Plautum,
1388 4203 1501 4283 qui
1545 4204 1614 4267 in
1664 4203 1802 4268 sola
1848 4202 2182 4268 comoedia
2227 4204 2551 4267 vertenda
2589 4207 2728 4267 stu-

528 4322 714 4388 dium
757 4326 1093 4403 posuerat.
1168 4324 1365 4403 Apud
1412 4341 1611 4404 quem
1658 4341 1864 4404 quam
1908 4341 2058 4389 rara
2104 4324 2410 4404 exempla
2455 4324 2721 4407 fuerint,

528 4460 610 4508 ex
679 4445 844 4526 ipsis
906 4462 1168 4527 quoque
1229 4445 1471 4510 fabulis
1532 4447 2012 4526 superstitibus
2073 4447 2502 4528 perspicitur;
2567 4464 2726 4513 nam
