3459 5300
1551 594 1632 659 57

487 795 710 844 'rfflmr
754 779 985 862 secuti,
1029 779 1100 842 in
1147 795 1434 860 quorum
1481 781 1646 844 sunt
1685 794 1965 844 numero
1988 777 2227 861 Gom-z,
2256 777 2687 859 Fmomsmz,

490 899 792 964 R1BBsoss
831 899 970 980 (qui
1009 916 1284 964 versum
1323 898 1613 980 appellat
1656 898 1803 984 „ein
1844 898 2242 963 metrisches
2273 892 2688 981 Ungeheuer‚

491 1021 777 1086 welches
800 1020 912 1086 ein
944 1023 1208 1101 spat-‚rer
1231 1019 1579 1087 Glossator
1601 1019 2203 1103 eingeschwarzt”)
2238 1015 2302 1098 ¹),
2327 1018 2595 1085 SoLeru
2619 1016 2690 1103 ¹),

490 1141 644 1225 Lao,
711 1141 983 1207 omnino
1033 1142 1308 1218 eiciunt,
1358 1142 1472 1208 sed
1523 1143 1823 1208 annnox
1872 1141 2142 1223 quidem
2187 1141 2303 1221 ita,
2352 1143 2431 1206 ut
2476 1158 2692 1206 unum

488 1262 798 1343 pluresve
846 1264 928 1327 ab
975 1279 1052 1329 eo
1101 1280 1342 1329 versus
1380 1261 1519 1328 loco
1561 1280 1680 1328 suo
1720 1265 1943 1328 motos
1980 1278 2127 1328 esse
2164 1265 2379 1344 putet.
2427 1262 2694 1329 SoL'rAu

488 1386 719 1449 autem
781 1401 982 1451 versu
1039 1383 1255 1451 deleto
1319 1385 1482 1451 nihil
1545 1384 1903 1451 desiderari
1946 1385 2333 1450 arbitratur.
2383 1384 2519 1449 Alii
2566 1385 2693 1449 viri

488 1505 666 1572 docti
712 1523 949 1573 sanare
994 1524 1270 1572 versum
1315 1507 1538 1573 conati
1586 1510 1772 1572 sunt.
1824 1506 2121 1587 Quorum
2145 1505 2401 1572 Ussme
2423 1506 2692 1588 quidem

489 1629 847 1694 admodum
905 1629 1038 1693 fuit
1097 1629 1346 1709 infelix,
1412 1629 1526 1711 qui
1588 1629 1793 1694 verba
1863 1628 2052 1714 „plus
2102 1624 2346 1693 alieni’'
2395 1630 2695 1708 transpo-

492 1750 709 1817 nendo
754 1767 1029 1816 versum
1064 1751 1405 1829 integrum
1445 1749 1811 1815 reddidisse
1858 1749 1986 1815 sibi
2025 1749 2217 1815 visus
2253 1751 2380 1815 est.
2430 1748 2527 1814 De
2563 1766 2694 1831 qua

490 1873 890 1947 coniectura,
940 1870 1558 1953 imprudentissime
1604 1861 1784 1936 sane'
1811 1871 2171 1953 proposita,
2211 1871 2529 1952 quoniam
2568 1870 2693 1936 viri

492 1991 670 2057 docti
733 1993 1054 2058 Germani
1117 1991 1255 2058 iam
1317 2009 1561 2074 magno
1611 1992 1761 2058 odio
1814 1993 1883 2058 in
1932 2008 2086 2058 eam
2129 1993 2382 2059 invecti
2429 1996 2593 2059 sunt
2620 1990 2690 2077 ³),

491 2113 682 2196 plura
741 2131 873 2180 non
930 2113 1165 2179 dicam.
1214 2113 1365 2179 Iure
1411 2115 1641 2180 tamen
1689 2113 1947 2180 Ussme
1992 2115 2383 2181 observasse
2429 2114 2694 2180 videtur

497 2252 695 2322 „vere
778 2251 922 2300 rem
1003 2235 1397 2301 aestimanti
1480 2234 1770 2302 alterum
1838 2235 2245 2304 dilemmatis
2315 2237 2693 2303 membrum

492 2358 727 2423 abesse
789 2374 920 2423 non
981 2356 1242 2438 posse.’'
1306 2357 1490 2438 Quod
1550 2357 1758 2423 etiam
1820 2358 1993 2422 vidit
2054 2357 2114 2423 N
2116 2375 2417 2423 nmmum
2458 2354 2532 2442 ⁴),
2580 2357 2694 2440 qui

495 2479 593 2544 sic
637 2478 970 2560 disputat:
1023 2495 1182 2563 „vor
1220 2496 1284 2544 v.
1314 2479 1444 2546 375
1469 2480 1791 2545 vermisst
1828 2498 1988 2545 man
2027 2480 2133 2545 bei
2166 2480 2356 2562 jener
2391 2480 2695 2546 athetese

495 2600 621 2667 den
707 2601 1076 2682 gedanken,
1160 2601 1315 2667 dass
1400 2601 1516 2667 der
1605 2602 1925 2683 banquier
1999 2601 2207 2667 durch
2274 2602 2695 2682 zuruckgabe

496 2724 610 2789 der
676 2724 781 2789 bei
850 2724 993 2788 ihm
1063 2723 1456 2805 deponirten
1525 2723 1761 2807 gomer,
1834 2725 1903 2790 in
1966 2724 2261 2790 welchen
2321 2725 2486 2791 eben
2549 2725 2695 2791 sein

495 2846 825 2912 reichtum
870 2846 1158 2927 besteht‚
1206 2846 1315 2911 ein
1363 2847 1607 2912 bettler
1653 2847 1895 2912 werde.
1938 2847 2063 2912 ‘ich
2104 2848 2215 2912 bin
2256 2847 2455 2923 reich,
2491 2865 2694 2914 wenn

492 2967 599 3033 ich
648 2966 874 3034 nichts
918 2967 1361 3033 zuriickzahle
1376 2990 1392 3049 ;
1442 2968 1630 3033 zahle
1675 2968 1781 3033 ich
1829 2968 2103 3051 zuruck‚
2151 2985 2225 3034 so
2273 2968 2384 3032 bin
2431 2968 2536 3034 ich
2582 2969 2696 3034 der

493 3092 798 3155 armsten
846 3088 1067 3171 einer’,
1115 3092 1331 3155 etwa:

565 3292 624 3361 1)
660 3290 695 3345 l.
731 3289 766 3345 l.
804 3308 854 3361 p.
895 3291 980 3345 85.

567 3380 625 3449 2)
660 3376 994 3433 Curculionis
1029 3375 1206 3432 Plauti
1245 3376 1415 3431 Actus
1457 3376 1539 3430 [II
1576 3395 1627 3448 p.
1666 3379 1713 3431 5.

567 3468 624 3536 3)
660 3464 785 3520 Vid.
835 3464 1123 3519 'anncxz
1175 3462 1352 3529 „denn
1399 3481 1505 3518 von
1553 3464 1646 3518 der
1694 3461 1989 3519 herrlichen
2037 3462 2386 3537 Metrisirung
2433 3465 2525 3521 des
2560 3466 2696 3522 Aus-

493 3572 659 3625 gangs
707 3552 888 3621 (alieni
925 3552 1049 3621 plin
1097 3556 1173 3604 est
1216 3554 1350 3604 statt
1397 3552 1519 3621 plus
1567 3552 1725 3604 alieni
1769 3552 1869 3618 esf)
1915 3549 2125 3605 konnen
2172 3569 2275 3606 nur
2309 3551 2560 3625 Zoglinge
2603 3553 2697 3607 der

495 3638 880 3712 Kopenhagner
903 3636 1395 3709 Philologenschule
1419 3637 1692 3692 Gebrauch
1727 3636 1997 3692 machen.”
2028 3636 2272 3694 Sumo:
2305 3657 2511 3709 „nemo,
2527 3658 2697 3714 spero,

495 3726 729 3799 exceptis
783 3723 1176 3779 Hauniensibus
1229 3722 1480 3778 iambicos
1533 3723 1766 3778 senarios
1815 3722 2075 3795 probabit,
2120 3724 2168 3779 si
2202 3729 2382 3781 sextus
2417 3745 2510 3798 pes
2544 3745 2699 3799 spon-

493 3821 622 3877 deus
678 3826 774 3891 est,
824 3820 936 3876 sive
972 3820 1223 3875 librorum
1264 3818 1542 3875 lectionem
1589 3823 1798 3874 secutus
1835 3818 1969 3890 ‘plus
2004 3798 2290 3877 alrensest’
2323 3820 2435 3876 sive
2476 3817 2699 3894 Ussingii

492 3916 766 3989 ingeniosa
819 3916 1120 3972 minctum
1178 3916 1392 3971 laudata
1447 3914 1618 3970 ‘menz
1669 3915 1787 3989 ples
1838 3916 1990 3971 osw’
2036 3894 2274 3971 mnan
2322 3916 2698 3973 ‘Plautinischo

495 4004 666 4059 Stud.’
719 4022 768 4075 p.
827 4004 961 4058 286:
1018 4001 1187 4068 „doeh
1236 4001 1338 4056 den
1383 4001 1613 4058 schdnen
1662 4002 1845 4069 Sonat,
1882 4002 2112 4058 welchen
2152 4002 2347 4075 Ussing
2382 4002 2546 4059 durch
2581 4003 2698 4058 eine

493 4089 729 4146 einfache
776 4089 1110 4161 Umstellung
1151 4088 1537 4159 herausbringt,
1573 4106 1674 4142 von
1711 4088 1805 4143 der
1839 4106 1896 4142 er
1931 4088 2040 4143 sich
2077 4088 2336 4157 wundert‚
2372 4088 2490 4145 dass
2527 4090 2697 4146 Bothe

495 4176 602 4231 und
659 4176 961 4233 Fleckeisen
1015 4175 1165 4232 nicht
1220 4175 1410 4230 darauf
1459 4175 1772 4247 gekommen
1824 4174 1993 4230 scien:
2050 4176 2096 4230 si
2149 4176 2314 4231 reddo
2359 4176 2461 4232 iuis
2504 4177 2695 4250 quibus

494 4262 676 4330 debeo,
724 4263 880 4317 alieni
927 4262 1044 4335 plus
1091 4266 1190 4330 est,
1238 4262 1427 4317 wellen
1464 4262 1559 4317 wir
1594 4261 1698 4315 den
1735 4261 2018 4317 danischen
2054 4262 2345 4317 Metrikern
2379 4262 2699 4323 iiberlsssen.

494 4349 549 4403 in
586 4349 942 4406 Deutschland
979 4350 1191 4405 kdnnen
1227 4349 1324 4404 wir
1361 4348 1452 4404 ihu
1489 4348 1635 4404 nicht
1675 4347 2059 4421 gebrauchen.’'

569 4438 625 4504 4)
661 4436 813 4490 Neue
850 4434 1180 4491 Jahrbiicher
1217 4437 1356 4491 1880
1390 4454 1441 4508 p.
1480 4436 1600 4490 428.
