3459 5300
1827 564 1913 628 50

853 745 1054 811 Poen.
1103 746 1232 810 397
1283 761 1470 827 sqq.:

853 868 1168 933 Obsecrat
1232 883 1474 933 servus
1535 866 1979 944 meretricem,
2041 883 2127 934 ne
2187 867 2361 934 irata
2420 867 2513 934 sit
2558 885 2671 934 ero
2719 871 2861 945 aut,
2908 869 2973 934 si

763 987 830 1053 id
872 989 1015 1054 fieri
1064 1005 1196 1055 non
1246 987 1480 1082 possit,
1528 991 1611 1053 ut
1655 1005 1727 1054 se
1776 989 2147 1070 suspendat
2192 1005 2350 1053 cum
2397 1006 2519 1054 suo
2556 1005 2671 1054 ero
2728 988 2967 1055 lenone

763 1113 1039 1193 totaque
1086 1128 1243 1177 cum
1291 1109 1582 1178 familia:

945 1232 1122 1299 Nam
1183 1235 1330 1313 (ait)
1391 1233 1557 1299 mihi
1618 1233 1758 1300 iam
1821 1232 2013 1297 video
2073 1235 2343 1314 propter
2396 1235 2466 1298 te
2511 1233 2969 1299 victitandum

2590 1352 2879 1438 [sorbilo‚

944 1475 1180 1556 Itaque
1225 1475 1362 1541 iam
1402 1475 1596 1558 quasi
1632 1477 2009 1541 ostreatum
2048 1478 2317 1554 tergum
2353 1473 2685 1540 ulceribus
2721 1474 2969 1554 gestito

955 1596 1234 1678 Propter
1279 1613 1579 1663 amorem
1625 1601 1959 1663 vestrum.

857 1717 1029 1782 Fieri
1092 1735 1224 1784 non
1286 1721 1513 1800 potest
1572 1721 1655 1784 ut
1715 1736 1815 1784 vs.
1883 1719 2015 1784 398
2065 1735 2277 1784 ‚causa
2337 1718 2665 1784 indicetur
2718 1735 2971 1794 eorum,

766 1856 934 1920 quae
981 1839 1300 1906 dicuntur
1347 1823 1547 1906 versu
1593 1841 2038 1922 praecedenti.
2078 1840 2379 1922 Uterque
2416 1856 2657 1906 versus
2692 1857 2970 1906 causam

767 1961 1120 2040 significat,
1165 1979 1285 2026 cur
1328 1960 1488 2027 illud
1536 1962 1733 2028 detur
1778 1962 2149 2038 consilium,
2175 1963 2372 2044 quod.
2396 1962 2505 2027 hic
2548 1961 2963 2054 proponitur.

767 2081 892 2147 Pro
941 2101 1101 2148 nam
1147 2083 1386 2164 prioris
1431 2101 1670 2150 versus
1713 2085 1923 2151 etiam
1969 2088 2231 2151 rectum
2277 2084 2448 2151 foret
2496 2086 2611 2150 ita.

858 2202 1067 2268 Stich.
1117 2205 1247 2271 274
1295 2223 1476 2287 sqq.:

947 2325 1334 2408 MercuriUS,
1398 2327 1580 2393 Iovis
1640 2327 1927 2394 nuntius
1982 2328 2098 2410 qui
2144 2328 2549 2410 perhibetur,
2598 2342 2969 2407 numquam

1958 2539 1963 2542 Ι
2422 2449 2659 2532 [aeque
2706 2445 2882 2530 patri

951 2568 1085 2635 Suo
1149 2570 1468 2636 nuntium
1512 2569 1810 2651 lepidum
1856 2570 2091 2637 attulit
2136 2587 2340 2654 quam
2388 2587 2509 2651 ego
2557 2587 2737 2635 nunc
2783 2583 2972 2634 meae

2292 2690 2468 2781 [erae
2514 2693 2877 2759 nuntiabo:

853 2802 865 2812 ’
951 2814 1187 2896 Itaque
1235 2817 1560 2912 onustum
1607 2819 1846 2896 pectus
1890 2818 2081 2897 porto
2125 2816 2386 2881 laetitia
2429 2813 2859 2895 lubentiaque

950 2936 1179 3018 Neque
1228 2935 1415 3002 lubet
1453 2936 1586 3003 nisi
1623 2937 1900 3016 gloriose
1940 2937 2297 3018 quicquam
2335 2935 2629 3018 proloqui
2660 2934 2969 3017 profecto.

857 3058 1095 3140 Itaque
1146 3059 1255 3124 hic
1300 3059 1468 3124 item
1516 3062 1720 3142 atque
1764 3060 1964 3125 Poen.
2016 3059 2147 3123 200
2193 3055 2521 3140 particula
2567 3064 2672 3123 est
2718 3056 2970 3122 conclu-

769 3180 1026 3246 dentis:
1075 3180 1420 3247 Pinacium
1459 3198 1612 3248 erae
1650 3199 1813 3248 suae
1851 3180 2341 3263 lepidissimum
2379 3179 2575 3246 affert
2614 3178 2967 3260 nuntium3

770 3318 966 3381 ergo
1035 3302 1396 3369 admodum
1464 3306 1570 3369 est
1636 3304 1857 3370 laetus
1922 3305 2127 3384 atque
2194 3300 2475 3381 gloriose
2536 3299 2762 3371 omnia
2822 3300 2973 3365 vult

768 3424 1089 3506 proloqui.
1341 3416 1350 3423 ’

829 3525 994 3611 ὀίω.
1045 3546 1270 3613 somn.
1319 3546 1494 3627 scip.
1543 3548 1596 3624 1,
1649 3549 1724 3612 1:
2779 3614 2783 3618 .

1043 3664 1309 3750 GrateS,
1356 3668 1593 3751 inquit,
1643 3668 1767 3734 tibi
1804 3683 1949 3746 ag0‚
1996 3683 2260 3732 summe
2301 3664 2430 3747 Sol,
2472 3664 2792 3745 vobisque
2826 3662 2967 3729 ⁴reli-

963 3790 1132 3870 quis,
1196 3790 1494 3864 caelites,
1555 3791 1749 3872 quod,
1814 3790 2181 3871 antequam
2241 3804 2325 3852 ex
2378 3786 2501 3851 hac
2548 3786 2693 3851 vita
2735 3784 2967 3865 migrO,

951 3910 1282 3991 conspicio
1329 3912 1398 3979 in
1441 3928 1588 3976 meo
1629 3926 1831 3989 regno
1871 3912 1943 3975 et
1980 3908 2052 3973 in
2090 3907 2197 3972 his
2243 3906 2443 3977 tectis
2478 3906 2551 3971 P.
2593 3904 2968 3975 Cornelium

962 4030 1358 4116 Scipionem,
1425 4034 1618 4101 cuius
1679 4048 1802 4112 ego
1863 4030 2133 4099 nomine
2196 4029 2341 4109 ipso
2402 4043 2688 4105 recreor:
2742 4028 2970 4110 itaque

855 4172 862 4179 ·
952 4169 1323 4235 numquam
1364 4170 1448 4220 ex
1476 4156 1711 4220 >animo
1753 4171 1901 4221 meo
1940 4151 2219 4221 discedit
2257 4150 2443 4215 illius
2474 4151 2732 4231 optumi
2770 4153 2969 4231 atque

946 4274 1378 4343 invictissimi
1425 4277 1552 4341 viri
1600 4276 1942 4345 memoria.

865 4394 1000 4458 Alii
1040 4395 1187 4459 libri
1230 4398 1478 4461 habent
1515 4398 1753 4478 itaque,
1778 4395 1887 4462 alii
1920 4398 2031 4461 ita.
2063 4394 2446 4475 Utrumque
2479 4392 2739 4461 defendi
2776 4409 2970 4473 posse
