3459 5300
1818 556 1859 618 8

739 739 918 804 tibus
977 738 1117 804 tuis
1180 738 1550 818 praeceptis
1609 754 1763 817 ergo
1813 737 1974 802 mihi
2025 754 2154 802 non
2202 754 2368 817 opus
2415 735 2589 801 est.''
2623 735 2669 820 ¹)
2719 737 2941 803 Verba

645 920 650 924 .
738 863 1052 929 iracunde
1107 861 1670 942 impatienterque
1740 860 2235 958 pronuntianda
2304 876 2455 924 esse
2516 862 2793 940 apparet
2853 877 2939 925 ex

737 983 1036 1047 Palinuri
1097 982 1283 1048 brevi
1343 981 1836 1046 exsecratione:
1905 981 2115 1064 „male
2176 981 2332 1046 istis
2392 979 2706 1046 evenat'’.
2756 980 2937 1062 Quod

605 1089 622 1108 ⁸
739 1105 1024 1171 contulit
1083 1104 1305 1170 Gon'rz
1366 1122 1468 1169 vs.
1533 1104 1640 1179 44,
1708 1103 1817 1168 hic
1879 1119 2119 1168 versus
2180 1120 2295 1184 pro
2344 1104 2744 1182 argumento
2791 1119 2939 1167 esse

740 1226 904 1291 mihi
965 1226 1232 1292 videtur
1291 1227 1524 1291 ambos
1584 1225 1761 1291 locos
1806 1225 2133 1304 genuinos
2179 1241 2363 1304 6336;
2414 1223 2658 1289 saltem
2708 1239 2943 1288 versus

741 1346 953 1412 multo
1014 1347 1094 1412 fit
1149 1347 1442 1428 lepidior‚
1491 1347 1548 1412 si
1594 1347 1959 1428 accipimus
2006 1345 2495 1411 Phaedromum
2545 1344 2644 1408 bis
2692 1343 2943 1408 dixisse

736 1469 1044 1535 lenonem
1090 1468 1160 1532 in
1207 1468 1336 1534 illis
1382 1469 1658 1534 aedibus
1703 1467 2025 1532 habitare.
2077 1467 2237 1532 Post
2274 1466 2668 1531 Phaedromi
2706 1466 2939 1531 verba:

746 1591 898 1675 „sed
940 1591 1038 1654 ita
1077 1590 1180 1654 uti
1208 1591 1425 1671 occepi
1449 1590 1696 1656 dicere:
1723 1589 1785 1654 ei
1808 1589 2229 1655 ancillulast”
2255 1589 2563 1654 deridens
2589 1588 2943 1654 Palinurus

740 1715 963 1791 rogat:
1021 1728 1298 1797 „nempe
1345 1711 1500 1777 huic
1538 1711 1753 1777 lenoni
1797 1712 1909 1793 qui
1950 1711 2056 1776 hic
2100 1711 2364 1776 habitat
2378 1711 2455 1775 ‘2³’
2497 1712 2690 1792 quasi
2729 1709 2941 1776 dicat:

747 1807 954 1920 „satis
1017 1850 1197 1898 nunc
1257 1833 1585 1916 intellego,
1650 1849 1850 1913 quem
1915 1837 1992 1897 tu
2054 1833 2255 1910 dicaS,
2306 1833 2442 1898 ia'm
2493 1831 2592 1908 bis
2640 1830 2939 1898 dixisti''.

711 2127 718 2133 .
832 2095 934 2143 vs.
985 2078 1069 2143 59
1119 2094 1259 2159 sqq.

920 2199 1058 2264 PH.
1108 2199 1321 2264 Immo
1360 2201 1440 2263 ut
1476 2197 1657 2263 illam
1689 2200 1973 2264 censes?
2004 2203 2083 2263 ut
2107 2215 2407 2280 quaeque
2431 2199 2524 2264 illi
2548 2201 2891 2282 occasiost,

857 2361 862 2368 -
920 2319 1272 2401 Subripere
1320 2336 1391 2384 se
1437 2320 1519 2384 ad
1569 2336 1710 2400 me;
1762 2321 1874 2385 ubi
1922 2321 2191 2412 savium
2236 2320 2525 2402 oppegit,
2574 2321 2765 2401 fugit.

920 2443 992 2507 Id
1041 2459 1118 2506 eo
1164 2441 1263 2522 fit,
1315 2443 1468 2524 quia
1516 2442 1624 2507 hic
1669 2440 1820 2507 leno
1865 2447 2193 2522 aegrotus·
2225 2444 2502 2509 incubat

919 2565 997 2628 In
1047 2562 1404 2645 Aesculapi
1452 2563 1640 2629 fano:
1689 2565 1749 2629 is
1798 2582 1906 2630 me
1950 2567 2309 2632 excruciat.

829 2684 940 2753 Sic
1001 2687 1454 2753 Phaedromus
1515 2688 1871 2768 respondet
1931 2687 2258 2773 Palinuro,
2322 2693 2436 2772 qui
2498 2709 2629 2758 non
2678 2692 2941 2759 credere

739 2812 963 2891 potest
1034 2809 1320 2889 puellam
1391 2808 1598 2873 etiam
1669 2825 1847 2875 nunc
1907 2810 2214 2891 pudicam
2285 2828 2452 2876 esse.
2516 2812 2637 2877 Vs.
2703 2816 2785 2877 61
2855 2816 2939 2879 ad
3032 2844 3040 2853 ·

740 2931 1003 2997 hiatum
1064 2931 1431 2997 tollendum
1491 2934 1645 3012 post
1705 2932 1867 3012 quia
1929 2931 2152 2997 Goerz
2212 2930 2374 3012 legit
2435 2935 2583 2999 istic
2633 2953 2751 3015 pro
2798 2936 2935 3017 me;

739 3051 873 3117 Lao
923 3052 1221 3134 supplet:
1280 3053 1440 3134 quia
1487 3052 1593 3117 hic
1637 3053 1799 3129 lem,
1843 3054 2017 3131 <hic
2056 3055 2239 3135 qui>
2284 3057 2595 3135 aeqrotus
2633 3057 2937 3139 incubat3

739 3174 972 3239 Bo'an
1018 3172 1402 3254 transponit
1443 3173 1582 3238 leno
1636 3175 1760 3240 hic.

828 3296 908 3360 In
957 3295 1350 3360 Phaedromi
1395 3299 1628 3360 autem
1676 3313 1992 3377 responso
2040 3314 2464 3380 nequaquam
2513 3300 2938 3381 perspicuum

740 3417 904 3482 mihi
952 3422 1075 3497 est,
1117 3433 1247 3497 quo
1287 3420 1545 3497 spectet
1585 3416 1743 3482 illud
1790 3419 1891 3504 „id
1931 3435 2008 3483 eo
2046 3419 2192 3484 fit.'’
2235 3419 2402 3501 Quid
2443 3419 2685 3485 dicitur
2723 3421 2940 3502 puella

735 3539 972 3614 facere,
1020 3526 1368 3619 propterea
1413 3539 1586 3620 quod
1623 3536 1772 3604 leno
1812 3539 2085 3605 incubat
2121 3543 2435 3621 aegrotus
2471 3541 2541 3605 in
2579 3541 2939 3623 Aesculapi

734 3658 940 3725 fano?
986 3657 1372 3740 Subripitne
1419 3676 1492 3725 se
1537 3658 1711 3723 hanc
1757 3661 1841 3726 ob
1889 3676 2163 3725 causam
2212 3662 2295 3726 ad
2343 3663 2768 3727 amatorem?
2816 3664 2936 3729 Fu·

735 3780 921 3859 gitne
985 3778 1169 3865 (nam
1214 3781 1298 3846 ad
1343 3781 1515 3846 hanc
1563 3798 1811 3865 vocem,
1862 3782 1921 3847 si
1968 3782 2217 3848 tradita
2267 3800 2431 3849 sana
2479 3788 2730 3865 essent,
2777 3785 2938 3850 illud

739 3900 846 3987 „id
923 3916 999 3965 eo
1066 3898 1190 3965 fit''
1260 3904 1341 3966 ut
1401 3900 1821 3978 referremUS‚
1895 3906 2276 3984 contextus,
2350 3908 2430 3969 ut
2499 3920 2617 3984 ego
2685 3906 2935 3988 opinor,

806 4128 862 4193 1)
899 4126 1070 4182 Etiam
1125 4128 1358 4182 Laome
1412 4126 1445 4182 l.
1501 4126 1534 4181 1.
1589 4146 1634 4194 p.
1690 4129 1759 4183 34
1816 4126 2075 4199 duplicem
2133 4128 2448 4186 Phaedromi
2503 4131 2937 4187 asseverationem

734 4213 992 4268 defendit:
1044 4214 1145 4269 uda
1167 4238 1172 4243 ·
1193 4213 1472 4269 Palinurus
1519 4212 1617 4267 mit
1663 4213 1844 4268 eeinen
1897 4214 2241 4287 Warnungen
2288 4216 2549 4285 fortfahrt,
2600 4218 2670 4273 ist
2718 4236 2773 4273 es
2818 4217 2940 4273 sehr

734 4298 1011 4368 natur-fich,
1064 4300 1185 4355 dass
1237 4300 1596 4357 Phaedromus
1653 4299 1733 4356 V..
1777 4300 1843 4357 39
1899 4300 2166 4358 nochmals
2221 4303 2508 4361 versichert
2570 4303 2774 4360 lenonie
2840 4303 2937 4360 hae

733 4392 859 4442 sunt
893 4385 1101 4442 aedes,’'
