3459 5300
1772 588 1858 654 78

709 766 941 849 quidni
1010 767 1360 834 credamus
1377 769 1412 834 ‘?
1481 770 1623 835 Iam
1695 787 1901 851 supra
1960 771 2256 837 vidimus
2314 770 2587 836 Livium
2648 785 2921 835 narrare

713 905 892 954 anno
913 879 920 885 “
941 888 1069 955 544
1119 889 1308 971 plura
1354 889 1528 956 circa
1575 890 1792 957 forum
1843 893 2163 959 ambusta
2208 908 2355 958 esse
2392 891 2708 957 aedificia.
2751 889 2920 956 Cum

720 1011 953 1076 autem
1016 1008 1204 1075 illum
1264 1009 1440 1077 Livii
1483 1011 1700 1078 locum
1748 1013 1879 1079 viri
1924 1013 2101 1080 docti
2148 1029 2258 1078 me
2303 1012 2517 1079 iudice
2565 1029 2697 1078 non
2743 1013 2926 1077 recte

715 1130 1269 1213 interpretentur,
1355 1134 1542 1199 totus
1621 1131 1807 1200 locus
1876 1135 2258 1201 accuratius
2326 1136 2436 1200 est
2504 1133 2922 1198 tractandus,

717 1253 842 1318 Est
908 1251 1057 1318 Liv.
1123 1252 1386 1330 XXVI,
1453 1253 1566 1317 27:
1643 1254 2052 1340 „Interrupit
2114 1255 2236 1321 hos
2298 1270 2641 1321 sermones
2705 1255 2922 1335 nocte,

720 1390 890 1455 quae
956 1373 1167 1455 pridie
1232 1374 1691 1456 Quinquatrus
1752 1374 1902 1459 fuit,
1954 1376 2253 1457 pluribus
2300 1373 2503 1441 simul
2546 1374 2709 1441 locis
2754 1374 2927 1441 circa

723 1497 945 1563 forum
1007 1497 1390 1563 incendium
1453 1499 1703 1564 ortum.
1764 1497 2012 1564 Eodem
2058 1500 2359 1580 tempore
2404 1499 2666 1579 septem
2712 1497 2927 1562 taber-

726 1635 872 1700 nae,
945 1635 1115 1700 quae
1183 1621 1416 1701 postea
1483 1619 1797 1701 quinque,
1865 1623 1938 1685 et
2006 1619 2440 1703 argentariae,
2514 1634 2685 1700 quae
2739 1613 2929 1684 ‘nunc

724 1740 954 1806 Novae
1019 1741 1462 1822 appellantur,
1524 1758 1766 1808 arsere.
1837 1741 2331 1823 Comprehensa
2383 1743 2616 1822 postea
2661 1740 2929 1822 privata

727 1861 1054 1928 aedificia:
1089 1879 1304 1944 neque
1351 1863 1536 1928 enim
1582 1867 1735 1929 tum
1781 1863 2091 1930 basilicae
2137 1866 2365 1929 erant:
2415 1862 2931 1944 comprehensae

729 1983 1116 2066 lautumiae,
1194 1984 1545 2067 forumque
1611 1983 2070 2067 piscatorium,
2139 1988 2211 2050 et
2284 1985 2539 2051 atrium
2605 1983 2930 2064 regium”.

732 2104 829 2170 De
890 2104 1102 2171 Novis
1171 2104 1243 2169 in
1314 2105 1819 2186 septentrionali
1887 2106 2012 2172 fori
2079 2110 2272 2188 parte
2340 2107 2493 2172 sitis
2559 2106 2688 2172 viri
2756 2103 2936 2170 docti

731 2226 909 2292 inter
971 2244 1045 2294 se
1105 2227 1561 2293 consentiunt.
1650 2227 1864 2293 Minor
1926 2230 2033 2294 est
2091 2244 2462 2293 consensus
2524 2225 2605 2292 de
2674 2228 2938 2308 septem

731 2349 1162 2414 tabernarum
1210 2349 1468 2414 ratione
1511 2347 1801 2430 locoque.
1849 2346 1986 2413 Alii
2033 2347 2215 2414 enim
2254 2349 2502 2429 putant
2540 2346 2941 2426 argentariis

733 2469 974 2550 opponi
1035 2469 1201 2536 alias
1261 2469 1598 2545 tabernaS,
1662 2485 1830 2550 quae
1892 2485 2026 2534 non
2092 2472 2258 2535 sunt
2318 2468 2757 2548 argentariae,
2822 2467 2938 2533 sed

735 2589 1073 2673 lanienae3
1137 2589 1305 2675 aliiS,
1369 2593 1450 2657 ut
1495 2591 1902 2658 R1rsonnn1o
1931 2587 2005 2675 1),
2052 2607 2451 2673 persuasum
2497 2593 2607 2656 est
2651 2606 2786 2656 non
2833 2605 2937 2671 op-

734 2713 1036 2796 posuisse
1106 2714 1282 2779 inter
1352 2731 1424 2780 se
1471 2714 1744 2779 Livium
1808 2714 1937 2781 duo
1999 2714 2432 2779 tabernarum
2495 2728 2757 2793 genera,
2823 2711 2940 2777 sed

733 2837 1071 2917 utrasque,
1137 2851 1306 2916 quae
1361 2834 1467 2900 hic
1515 2836 2143 2911 commemorentur,
2192 2834 2510 2899 tabernas
2558 2850 2709 2899 esse
2754 2832 2942 2899 intel-

735 2956 1036 3035 ligendas
1080 2956 1515 3035 argentarias.
1565 2956 1749 3037 Quod
1799 2955 1881 3021 ad
1927 2956 2147 3025 locum
2192 2956 2478 3021 attinet:
2529 2956 2827 3021 Rrrsonn
2873 2957 2946 3020 et

641 3118 649 3133 -
735 3077 1040 3144 Unmons
1081 3074 1136 3163 ³)
1201 3081 1462 3158 septem
1522 3077 1798 3143 easdem
1862 3093 2010 3143 esse
2073 3079 2279 3159 atque
2336 3080 2602 3144 veteres
2662 3094 2944 3159 eamque

735 3201 821 3266 ob
866 3216 1006 3265 rem
1045 3216 1280 3266 earum
1315 3200 1535 3267 locum
1574 3199 1646 3264 in
1685 3198 1969 3265 australi
2007 3199 2131 3265 fori
2168 3202 2360 3281 parte
2403 3198 2604 3265 fuisse
2644 3203 2941 3281 censent,

737 3321 777 3387 J
780 3339 1004 3388 oanAN
1047 3321 1100 3406 ³)
1163 3338 1278 3388 eas
1337 3322 1406 3387 in
1470 3320 2066 3403 septentrionalem
2134 3324 2398 3402 partem
2458 3319 2727 3405 relegat,
2793 3320 2942 3387 GIL·

735 3462 906 3509 naar
946 3445 997 3521 ⁴)
1058 3446 1290 3509 autem
1347 3444 1432 3510 ad
1495 3443 1778 3509 orientis
1842 3442 2002 3508 solis
2066 3444 2349 3524 partem.
2416 3442 2515 3507 Ut
2575 3441 2716 3523 ipse
2784 3442 2941 3523 quid

738 3581 1051 3631 censeam
1113 3565 1349 3646 dicam,
1405 3581 1526 3644 ego
1573 3581 1706 3630 non
1755 3565 1949 3631 credo
1995 3563 2267 3633 Livium
2313 3564 2597 3630 duorum
2642 3564 2942 3630 taberna-

739 3704 893 3754 rum
953 3686 1262 3752 ordinum
1319 3686 1733 3753 mentionem
1798 3686 2029 3769 facere,
2096 3702 2334 3751 verum
2380 3687 2654 3751 tantum
2699 3685 2937 3752 unius:

738 3810 1001 3890 septem
1047 3808 1364 3873 tabernas
1407 3811 1479 3874 et
1524 3807 1967 3890 argentarias,
2015 3825 2184 3888 quae
2230 3824 2411 3874 nunc
2460 3806 2689 3873 Novae
2732 3806 2944 3888 appel·

737 3930 985 4007 lantur,
1049 3947 1222 3996 unas
1279 3929 1678 4011 easdemque
1725 3946 1893 3995 esse.
1944 3929 2121 3997 Nam
2166 3930 2234 3995 in
2283 3929 2617 3996 narranda
2661 3927 2947 4008 proximi

810 4172 868 4242 1)
905 4170 1098 4243 Opusc.
1137 4168 1216 4236 11,
1253 4187 1303 4239 p.
1345 4168 1464 4223 389.

813 4259 869 4327 2)
906 4257 939 4312 l.
975 4256 1010 4311 l.
1047 4275 1098 4328 p.
1139 4257 1222 4311 84.

813 4346 869 4412 3)
905 4340 1277 4415 Topographie
1313 4340 1407 4395 der
1445 4339 1602 4397 Stadt
1637 4341 1777 4397 Rom
1812 4340 1883 4396 im
1920 4340 2225 4397 Alterthum
2262 4340 2307 4409 1,
2348 4340 2397 4406 2,
2432 4357 2481 4411 p.
2522 4340 2645 4394 381.

816 4435 875 4502 4)
910 4429 944 4486 l.
982 4430 1015 4485 l.
1053 4449 1104 4502 p.
1144 4430 1245 4485 203
1283 4446 1359 4499 sq.
