3459 5300
1806 575 1889 638 44

755 753 1054 818 nondum
1118 755 1430 836 cuiquam
1489 756 1872 835 contigisse,
1938 761 2017 823 ut
2062 758 2284 823 locum
2330 757 2399 821 in
2449 756 2748 821 ordinem
2797 756 2957 822 redi-

648 948 658 957 ·
754 879 974 953 geret:
1033 877 1199 960 „wie
1244 877 1535 942 derselbe
1583 879 1900 960 iibrigens
1940 880 2010 944 in
2050 879 2367 957 Ordnung
2404 895 2489 942 zu
2528 877 2803 958 bringen
2840 878 2951 960 ist,

753 995 836 1060 ob
898 997 1014 1061 der
1077 997 1250 1062 Text
1310 998 1499 1063 mehr
1545 999 1751 1064 durch
1798 999 2496 1078 Zusammenziehung
2542 999 2697 1064 oder
2742 999 2948 1064 durch

753 1117 1235 1199 Erweiterung,
1286 1119 1441 1184 oder
1488 1120 1694 1186 durch
1742 1121 1962 1186 beides
2002 1121 2314 1200 zugleich,
2360 1121 2441 1185 ob
2481 1119 2701 1185 ferner
2742 1120 2946 1185 durch

754 1239 1319 1322 Dittographieen,
1371 1240 1711 1308 Glosseme
1759 1243 1894 1308 und
1936 1241 2448 1321 Umstellungen
2487 1241 2765 1321 gelitten
2805 1242 2941 1321 hat,

753 1359 848 1425 ist
909 1361 1056 1426 eine
1115 1361 1356 1428 andere
1402 1362 1654 1442 Frage”
1706 1362 1800 1446 (in
1851 1363 2398 1444 praecedentibus
2444 1363 2817 1428 vindicavit
2863 1364 2945 1429 lo·

753 1499 907 1547 cum
970 1500 1011 1548 a
1073 1481 1345 1550 Goetzio
1407 1484 1829 1568 damnatum)
1900 1485 2137 1571 „deren
2185 1483 2561 1564 endgultige
2608 1485 2946 1550 Entschei·

754 1604 936 1683 dung
985 1604 1112 1668 mir
1159 1605 1328 1671 noch
1375 1606 1565 1671 nicht
1607 1605 1933 1686 gelungen
1982 1606 2266 1672 scheint.
2314 1606 2391 1671 In
2441 1605 2624 1670 einer
2670 1604 2947 1670 Schilde-

754 1741 944 1804 rung,
1012 1726 1139 1790 wie
1185 1726 1282 1791 sie
1330 1727 1471 1792 hier
1517 1727 1816 1806 vorliegt‚
1866 1728 2032 1793 wird
2080 1745 2239 1792 man
2289 1727 2427 1792 sich
2476 1727 2622 1792 eine
2667 1728 2949 1806 gewisse

756 1845 981 1912 Breite
1039 1847 1315 1926 gesallen
1377 1849 1598 1914 lassen
1662 1854 1958 1925 miissen‚
2024 1865 2224 1915 wenn
2288 1849 2523 1914 Einem
2587 1866 2714 1913 nur
2760 1849 2949 1914 nicht

754 1969 951 2034 baare
1014 1969 1396 2050 Tautologie
1443 1971 1581 2035 und
1631 1970 2115 2037 allzustorende
2164 1971 2764 2050 Wiederholungen
2812 1971 2947 2035 der·

753 2090 978 2156 selben
1040 2091 1437 2157 Ausdriicke
1499 2073 1940 2173 ausgedrangt
2001 2093 2289 2159 werden.
2352 2093 2467 2158 Ich
2528 2094 2759 2159 wurde
2806 2095 2944 2158 z.B.

753 2211 997 2277 keinen
1045 2214 1336 2279 Anstoss
1383 2231 1468 2279 an
1516 2213 1865 2294 folgenden
1914 2216 2170 2281 Versen
2216 2215 2541 2280 nehmen:

758 2396 887 2460 288
935 2398 1080 2462 tum
1136 2399 1250 2462 isti
1313 2399 1550 2464 Graeci
1585 2400 1858 2480 palliati
1902 2400 2107 2480 capite
2152 2401 2371 2479 operto
2419 2400 2539 2479 qni
2582 2399 2946 2483 ambulant,

937 2521 1052 2599 qui
1111 2520 1425 2584 incedunt
1469 2519 1909 2597 suffarcinati
1952 2537 2103 2583 cum
2149 2517 2359 2598 tibris,
2408 2537 2562 2583 cnm
2609 2520 2949 2600 sportulis,

758 2638 880 2703 291
931 2638 1204 2722 obstant,
1247 2641 1586 2720 obsistunt,
1629 2641 1987 2706 intendunt
2026 2643 2223 2717 (statt
2262 2640 2595 2718 incedunt)
2633 2659 2783 2705 cum
2806 2642 2954 2706 suis

2459 2763 2861 2841 [sententiis;

759 2883 888 2946 290
935 2884 1080 2945 tum
1141 2885 1260 2963 qui
1319 2886 1521 2958 (statt
1582 2884 1909 2966 constant)
1969 2886 2326 2948 conserunt
2384 2900 2719 2947 sermones
2776 2885 2954 2947 inter

2324 3009 2483 3082 [sese
2528 3006 2856 3088 drapetae‚
2919 3051 2926 3058 -

759 3128 886 3192 292
934 3145 1095 3209 quos
1139 3145 1397 3209 semper
1441 3128 1666 3192 videas
1713 3127 2000 3193 lubentes
2044 3144 2180 3191 esse
2226 3128 2300 3191 in
2346 3127 2775 3209 thermipolio,

759 3251 885 3315 294
937 3250 1160 3315 tristes
1205 3252 1398 3331 atque
1444 3249 1668 3314 ebrioli
1711 3249 2069 3315 abscedunt
2105 3267 2170 3314 u.
2198 3266 2250 3313 ε.
2278 3249 2409 3312 W.''

847 3573 946 3619 vs.
998 3555 1124 3619 317
1174 3571 1313 3635 sqq.
1363 3552 1715 3618 Parasitus
1762 3552 1938 3618 fame
1984 3554 2322 3619 cruciatus
2366 3553 2781 3620 lamentatur
2820 3554 2951 3620 sic:

1990 3721 2182 3801 Perii,
2232 3721 2555 3802 prospicio
2604 3738 2860 3802 parum,

937 3845 1339 3910 Gramarum
1377 3843 1586 3907 habeo
1627 3843 1860 3907 dentes
1898 3842 2145 3922 plenOS‚
2187 3842 2477 3923 lippiunt
2505 3844 2732 3907 fauces
2754 3842 2951 3925 fame,

936 3968 1042 4031 Ita
1087 3966 1214 4031 cibi
1262 3965 1627 4031 vacivitate
1673 3964 1871 4029 venio
1917 3963 2113 4029 lassis
2158 3962 2463 4029 lactibus.

850 4148 974 4212 Pro
1035 4164 1442 4229 yramarum
1501 4146 1643 4211 libri
1711 4146 1963 4211 habent
2020 4162 2091 4210 os
2152 4163 2491 4211 amarum.
2566 4146 2693 4212 Sed
2739 4163 2952 4228 neque

757 4269 840 4335 ad
902 4286 1176 4335 versum
1237 4269 1362 4334 hae
1423 4267 1757 4349 quadrant
1806 4266 2098 4349 syllabae
2144 4270 2216 4332 et
2266 4285 2337 4332 os
2382 4285 2703 4333 amarum
2747 4284 2951 4335 sensu

757 4407 978 4457 carere
1025 4391 1161 4454 iam
1208 4390 1463 4455 dudum
1507 4391 1613 4453 est
1657 4387 2093 4453 intellectum.
2157 4389 2406 4454 Tamen
2454 4390 2627 4470 quod
2673 4388 2953 4455 coniecit
