3459 5300
1567 577 1654 642 35

607 773 709 822 vs.
760 757 890 822 280
935 774 1075 838 sqq.
1141 757 1370 823 Prodit
1433 759 1501 823 in
1566 777 1881 829 scaenam
1944 761 2249 828 Curculio
2296 763 2635 844 parasitus
2680 779 2739 855 e·

515 876 707 944 Caria
753 895 1099 944 reversus:

596 1093 599 1098 Δ
697 998 765 1064 C.
815 999 985 1065 Date
1032 1001 1213 1066 viam
1263 1001 1446 1082 mihi,
1497 1003 1642 1067 noti
1689 1006 1937 1084 [atque]
1978 1004 2210 1084 ignoti,
2252 1004 2414 1069 dum
2454 1019 2574 1083 ego
2613 1004 2720 1069 hic

2039 1126 2355 1204 [officium
2400 1143 2630 1190 meum

519 1243 648 1307 280
696 1243 924 1310 Facio:
976 1243 1189 1322 fugite
1236 1225 1487 1328 omnes,
1541 1245 1721 1310 abite
1770 1249 1841 1311 et
1888 1246 1969 1313 de
2016 1247 2129 1313 via
2175 1248 2491 1324 decedito,

697 1365 796 1431 Ne
857 1382 1060 1446 quem
1119 1366 1191 1431 in
1254 1382 1453 1432 cursu
1517 1367 1737 1448 capite
1799 1371 1923 1434 aut
1985 1369 2212 1435 cubito
2273 1373 2395 1435 aut
2456 1373 2720 1450 pectore

1864 1489 2219 1569 [offendam
2264 1493 2385 1556 aut
2431 1507 2627 1570 genu.

694 1609 801 1674 Ita
863 1626 1042 1674 nunc
1105 1610 1348 1686 subito,
1407 1628 1682 1692 propere
1728 1615 1800 1678 et
1844 1601 2065 1678 celere
2100 1614 2506 1679 obiectumst
2553 1611 2721 1676 mihi

1021 1799 1026 1805 ,
2239 1733 2627 1814 [negotium

695 1853 832 1918 Nec
900 1853 1242 1932 <homo>
1311 1853 1739 1935 quisquamst
1798 1859 1944 1921 tam
2004 1857 2381 1938 opulentus
2447 1857 2563 1937 qui
2623 1855 2719 1919 mi

1702 2045 1706 2050 ,
2017 1978 2328 2056 [obsistat
2377 1978 2445 2042 in
2494 1977 2629 2052 via,

517 2095 645 2161 285
695 2095 830 2162 Nec
854 2099 1196 2176 strategus
1221 2114 1342 2162 nec
1367 2101 1706 2180 tyrannus
1723 2099 2099 2181 quisquam,
2118 2117 2242 2164 nec
2256 2115 2722 2178 agoranomus‚

693 2217 832 2282 Nec
870 2214 1286 2298 demarchus
1327 2235 1449 2284 nec
1488 2220 1901 2296 comarchuS‚
1942 2238 2064 2286 nec
2088 2239 2244 2286 cum
2268 2223 2466 2287 tanta
2490 2219 2718 2298 gloria,

694 2340 868 2420 Quin
915 2341 1130 2420 cadat,
1183 2341 1345 2421 quin
1393 2342 1628 2422 capite,
1657 2344 1863 2420 sistat
1910 2343 1981 2407 in
2029 2343 2141 2408 via
2188 2342 2267 2407 de
2315 2341 2579 2408 semita.

695 2463 869 2527 Tum
915 2463 1032 2528 isti
1076 2461 1312 2528 Graeci
1358 2464 1633 2544 palliati,
1675 2466 1895 2546 capite
1934 2469 2157 2546 operto
2195 2465 2309 2546 qui
2348 2462 2720 2539 ambulant,

693 2584 819 2665 Qui
863 2583 1185 2649 incedunt
1231 2585 1646 2653 suffarcinati
1693 2605 1850 2655 cum
1897 2588 2101 2665 libris,
2141 2605 2295 2653 cum
2335 2586 2673 2669 sportulis,

515 2707 646 2773 290
693 2706 1045 2789 Constant,
1088 2707 1439 2773 conferunt
1481 2727 1826 2777 sermones
1864 2711 2040 2777 inter
2064 2728 2138 2776 se
2150 2717 2348 2779 <se>
2380 2710 2712 2791 drapetae,

693 2830 1002 2905 Obstant,
1052 2829 1416 2913 obsistunt,
1465 2831 1787 2897 incedunt
1830 2849 1985 2897 cum
2033 2831 2177 2897 suis
2222 2831 2601 2907 sententiis,

693 2952 870 3032 Quos
919 2967 1181 3031 semper
1226 2951 1455 3017 videas
1501 2952 1809 3020 bibentes
1855 2971 2004 3020 esse
2051 2954 2121 3019 in
2166 2952 2607 3036 thermipoli0,

693 3073 825 3138 Ubi
865 3073 1023 3154 quid
1066 3074 1487 3155 subripuere:
1531 3079 1761 3155 operto
1801 3077 2092 3156 capitulo
2130 3075 2416 3141 calidum
2454 3075 2711 3156 bibunt,

695 3196 949 3261 Tristes
995 3197 1198 3276 atque
1246 3197 1476 3263 ebrioli
1521 3198 1876 3263 incedunt:
1929 3215 2043 3264 eos
2088 3213 2209 3277 ego
2259 3199 2318 3264 si
2362 3197 2715 3271 offendero,

517 3317 647 3384 295
693 3319 795 3383 Ex
843 3333 1240 3399 unoquoque
1286 3334 1518 3384 eorum
1563 3320 1824 3386 exciam
1869 3321 2202 3401 crepitum
2247 3318 2717 3401 polentarium.

697 3438 870 3503 Tum
917 3438 1034 3502 isti
1080 3438 1192 3519 qui
1238 3438 1480 3504 ludunt
1528 3440 1815 3507 datatim
1862 3440 2041 3505 servi
2082 3457 2464 3505 scurrarum
2489 3440 2556 3504 in
2583 3437 2715 3513 via,

695 3560 782 3625 Et
830 3560 1096 3625 datores
1142 3562 1211 3625 et
1258 3560 1547 3626 factores
1594 3562 1815 3627 omnis
1862 3563 2147 3628 subdam
2196 3563 2322 3627 sub
2369 3560 2607 3627 solum.

695 3681 893 3747 Proin
942 3687 1223 3749 se<se>
1277 3682 1459 3747 domi
1504 3684 1914 3768 contineant,
1967 3685 2193 3750 vitent
2237 3683 2623 3749 infortunio.

694 3804 835 3869 PH.
898 3804 1104 3869 Recte
1166 3804 1273 3869 hic
1337 3808 1696 3886 monstrat,
1770 3807 1830 3871 si
1884 3807 2211 3887 imperare
2259 3806 2493 3887 possit.
2542 3804 2716 3869 Nam

1826 3928 1947 4006 [ita
1993 3944 2174 3992 nunc
2222 3945 2370 3993 mos
2416 3926 2626 4004 viget,

519 4050 649 4115 300
695 4049 803 4115 Ita
862 4064 1044 4113 nunc
1107 4048 1566 4115 servitiumst:
1629 4050 1924 4131 profecto
1988 4052 2227 4115 modus
2288 4049 2515 4114 haberi
2584 4065 2721 4113 non

735 4182 740 4189 “
2356 4172 2625 4251 [potest.

608 4294 686 4359 Iu
732 4292 839 4358 his
884 4291 1188 4357 versibus
1233 4292 1345 4357 alii
1390 4292 1518 4357 alia
1565 4292 1822 4359 delent:
1866 4294 2123 4360 Ussmo
2157 4297 2386 4376 aperte
2412 4292 2721 4373 spurium

519 4414 723 4480 habet
783 4431 886 4479 vs.
938 4411 1087 4493 292,
1144 4416 1218 4478 at
1261 4413 1556 4478 defendit
1601 4415 1782 4479 hunc
1826 4416 2067 4493 Gonrz,
2117 4419 2351 4481 contra
2394 4413 2575 4480 delet
2618 4430 2721 4477 vs.
