3459 5300
1564 590 1651 655 99

506 769 692 836 mina
735 755 892 834 ficta
937 769 1367 849 arbitrentur,
1410 769 1628 849 ipsam
1663 770 2016 835 historiam
2058 787 2288 836 veram
2325 786 2473 835 esse
2513 787 2705 849 posse

506 890 922 957 existiment.
991 890 1361 955 Historiam
1407 891 1631 970 ipsam
1675 891 1909 957 fictam
1956 909 2102 958 esse
2148 893 2355 958 etiam
2400 891 2553 957 inde
2599 909 2704 972 ap-

508 1016 719 1094 paret,
765 1011 938 1094 quod
984 1014 1127 1077 tam
1155 1013 1336 1078 varie
1376 1012 1700 1078 traditur:
1744 1014 1871 1080 alio
1894 1014 2033 1079 loco
2055 1014 2339 1093 legimus
2362 1016 2706 1079 statutum

509 1141 678 1210 esse,
747 1137 828 1198 ut
895 1134 964 1198 in
1033 1134 1310 1200 aedibus
1370 1136 1644 1217 opsonia
1711 1136 2179 1212 venderent-ur,
2242 1135 2369 1202 alio
2430 1135 2702 1201 domum

508 1256 801 1320 dirutam
863 1271 1034 1331 esse,
1094 1254 1220 1320 alio
1281 1273 1318 1320 e
1371 1255 1560 1321 bonis
1608 1254 1963 1336 publicatis
2010 1254 2223 1321 scalas
2270 1255 2467 1321 deum
2515 1271 2706 1336 pena·

509 1375 686 1441 tium
755 1375 1136 1442 aedificatas
1204 1393 1371 1442 esse.
1443 1377 1589 1443 Non
1660 1381 1893 1442 autem
1955 1377 2097 1442 veri
2159 1375 2479 1441 dissimile
2539 1376 2703 1441 mihi

512 1499 778 1564 videtur
835 1498 1185 1579 aliquando
1230 1515 1316 1564 ex
1363 1500 1837 1565 damnatorum
1882 1499 2158 1565 aedibus
2204 1498 2447 1564 dirutis
2494 1499 2705 1564 scalas

512 1621 715 1687 deum
774 1620 1122 1701 penatium
1185 1621 1569 1686 aedificatas
1628 1639 1779 1688 esse
1797 1643 1813 1702 ;
1872 1622 1931 1687 si
1976 1623 2169 1686 cuius
2214 1622 2453 1694 domus
2498 1620 2705 1686 dirue-

515 1743 732 1823 batur,
781 1743 1103 1808 nimirum
1149 1747 1426 1824 penates
1471 1760 1728 1825 quoque
1767 1743 2288 1826 expellebantur,
2327 1729 2529 1824 amus
2568 1744 2706 1809 irae

516 1865 1053 1931 averruncandae
1115 1883 1317 1931 causa
1369 1866 1489 1930 tali
1533 1867 1605 1931 in
1652 1883 1722 1930 re
1777 1883 1818 1932 a
1864 1866 2187 1932 Romanis
2233 1869 2513 1947 penates
2558 1865 2709 1930 civi·

516 1987 683 2052 tatis
739 1986 960 2069 aliqua
1019 1991 1210 2067 grata
1269 1991 1673 2070 acceptaque
1734 2005 1803 2053 re
1862 2005 2010 2054 esse
2069 1989 2345 2054 affectos
2391 2004 2711 2069 perquam

517 2108 874 2174 verisimile
917 2113 1045 2174 est.
1094 2111 1292 2174 Anno
1340 2112 1574 2175 autem
1623 2109 1753 2177 575
1799 2111 1870 2175 in
1917 2111 2137 2176 media
2182 2112 2345 2176 urbe
2392 2111 2558 2176 duos
2605 2110 2713 2175 ho·

516 2230 734 2296 mines
780 2230 1083 2312 potuisse
1121 2230 1540 2296 latrocinium
1579 2247 1886 2296 exercere
1924 2234 1995 2296 et
2033 2231 2285 2297 multos
2324 2229 2709 2307 περικόπτειν

516 2351 794 2435 (dixeris
863 2368 1244 2419 sermonem
1303 2353 1445 2417 fieri
1504 2353 1585 2419 de
1645 2353 1866 2433 aliquo
1928 2352 2113 2436 Caco,
2180 2355 2251 2418 et
2311 2352 2709 2418 Plutarchus

514 2474 717 2539 verbo
762 2473 870 2538 illo
915 2476 1118 2538 utens
1163 2476 1451 2555 cogitare
1497 2444 1768 2540 videtur
1814 2474 1892 2538 de
1938 2474 2208 2539 nomine
2255 2473 2510 2540 macelli
2547 2477 2709 2540 nato

514 2613 551 2662 e
613 2595 955 2662 mactandi
1007 2597 1234 2676 verbo)
1279 2596 1457 2662 credi
1503 2596 1757 2677 nequit.
1828 2595 2199 2678 Etymologi
2248 2598 2479 2662 autem
2526 2595 2708 2661 illam

514 2718 864 2784 historiam
912 2717 1178 2782 aedium
1225 2717 1626 2795 dirutarum,
1664 2734 1701 2781 e
1740 2718 1980 2798 quibus
2020 2718 2236 2783 scalae
2272 2719 2475 2783 deum
2514 2735 2708 2799 pena-

514 2840 689 2907 tium
749 2840 1134 2905 aedificatae
1192 2839 1352 2916 sint,
1401 2840 1827 2905 coniunxisse
1872 2840 2188 2905 videntur
2235 2857 2387 2905 cum
2436 2839 2707 2905 macello

514 2966 716 3043 atque
761 2961 900 3028 foro
944 2962 1413 3044 cuppedinario
1457 2964 1724 3043 propter
1771 2961 2009 3027 horum
2046 2963 2117 3027 et
2155 2962 2339 3027 aedis
2362 2952 2709 3042 penatium

515 3084 956 3159 vicinitatem,
1021 3087 1096 3149 at
1157 3084 1478 3149 nimirum
1538 3084 1816 3149 minime
1869 3084 2319 3149 necessarium
2365 3086 2471 3149 est
2516 3084 2585 3148 in
2632 3100 2712 3148 ea

515 3206 701 3272 urbis
764 3209 953 3287 parte
1013 3205 1208 3272 aedes
1268 3206 1416 3271 illas
1475 3206 1645 3270 sitas
1692 3205 1919 3279 fuisse,
1967 3205 2080 3269 ubi
2126 3208 2433 3286 postea
2479 3205 2714 3271 macel-

516 3329 655 3394 lum
702 3328 927 3393 fuerit.
989 3327 1172 3408 Quod
1217 3330 1448 3393 autem
1494 3328 1741 3393 Festus
1786 3327 2091 3393 nominat
2136 3344 2444 3393 censores
2490 3327 2712 3392 Aemi·

514 3448 682 3514 lium
727 3452 798 3514 et
843 3447 1179 3523 Fulvium,
1227 3447 1386 3513 illud
1432 3465 1566 3513 non
1606 3448 1835 3527 magni
1872 3466 2017 3513 esse
2042 3449 2369 3513 momenti
2391 3447 2709 3527 arbitror3

515 3588 730 3653 neque
783 3570 965 3636 enim
1011 3572 1282 3635 constat
1328 3585 1638 3635 censores
1683 3570 1846 3635 anni
1873 3569 1976 3634 >57
1987 3572 2025 3635 5
2072 3569 2358 3650 spectari
2405 3572 2474 3633 et
2521 3567 2710 3632 facile

516 3692 795 3758 Festum
836 3690 942 3755 vel
966 3689 1280 3755 Verrium
1306 3689 1633 3774 Flaccum,
1661 3693 1742 3755 ut
1767 3688 1895 3775 illis
1932 3690 2331 3772 censoribus,
2360 3705 2525 3770 quos
2549 3688 2711 3753 locis

513 3810 792 3893 publicis
863 3810 1290 3876 aedificandis
1359 3815 1634 3876 strenue
1703 3826 1975 3891 operam
2042 3809 2302 3874 dedisse
2367 3825 2454 3874 ex
2522 3806 2710 3872 Livio

514 3932 930 4015 perspicitur,
1004 3930 1376 3996 tribuerent
1447 3931 1619 4012 quod
1685 3946 1917 3995 eorum
1980 3946 2113 3995 non
2177 3932 2344 4004 erat,
2407 3928 2549 4009 ipse
2609 3925 2715 3991 ille

514 4052 690 4118 Livii
758 4051 944 4117 locus
1011 4050 1334 4116 adducere
1402 4052 1642 4131 potuit.
1723 4050 1820 4116 De
1889 4067 2020 4130 quo
2085 4067 2267 4115 nunc
2330 4048 2715 4113 videamus:

518 4174 797 4250 Fulvius
868 4172 1043 4237 locat
1097 4172 1350 4257 „forum
1399 4171 1833 4253 piscatorium
1880 4170 2310 4236 circumdatis
2355 4168 2716 4235 tabernis''.

519 4296 824 4361 Ussmofls
879 4294 1004 4359 hoc
1049 4297 1356 4372 segregat
1400 4311 1441 4358 a
1485 4293 1759 4359 macello
1807 4292 2165 4375 aedificato,
2217 4295 2406 4357 ratus
2450 4290 2718 4355 Livium

520 4416 871 4481 macellum
931 4430 1066 4479 non
1127 4430 1666 4496 commemorare,
1734 4415 1890 4496 quia
1952 4430 2086 4478 non
2138 4414 2564 4477 exstructum
2631 4409 2722 4473 sit
