3459 5300
1548 597 1669 662 101

412 801 418 806 ·
512 779 691 844 rium
752 780 859 844 est
920 777 1075 843 hinc
1134 777 1393 845 efficere
1457 776 1675 844 forum
1735 777 2168 858 piscatorium
2226 779 2452 846 addito
2495 781 2710 848 aedifi-

511 900 763 966 ciorum
810 900 1230 981 privatorum
1274 900 1411 966 loco
1456 901 1525 966 in
1546 907 1553 914 '
1576 899 1928 965 macellum
1975 900 2353 966 excrevisse
2367 902 2402 966 ‘?

603 1021 820 1088 Redeo
863 1022 947 1087 ad
994 1020 1475 1087 Curculionem.
1526 1022 1774 1087 Restat
1818 1024 1899 1086 ut
1946 1037 2155 1100 pauca
2193 1021 2407 1087 dicam
2448 1023 2527 1089 de
2565 1027 2712 1090 tota

512 1159 791 1208 scaenae
828 1143 1065 1208 indole.
1106 1143 1203 1208 De
1243 1161 1374 1225 qua
1415 1144 1545 1209 viri
1584 1143 1762 1209 docti
1800 1143 2160 1209 admodum
2185 1145 2368 1210 varie
2390 1145 2710 1212 iudicant.

514 1265 820 1330 Unmofls
864 1281 1016 1331 eam
1055 1269 1253 1331 vocat
1284 1266 1429 1352 „die
1467 1264 1709 1331 schone
1749 1265 2184 1346 Schilderung
2220 1267 2340 1332 des
2362 1268 2712 1352 Forums”;

511 1385 745 1452 eadem
805 1387 845 1452 J
848 1403 1115 1452 ORDANO
1173 1386 1439 1452 videtur
1510 1386 1762 1472 „selbst
1808 1386 1924 1450 der
1969 1387 2363 1453 schwachen
2413 1388 2713 1456 Stunden

513 1507 627 1572 des
682 1507 1011 1589 DichterS,
1059 1508 1275 1573 denen
1323 1507 1437 1573 der
1482 1523 1691 1587 ganze
1739 1507 2042 1574 Curculio
2091 1509 2234 1574 sein
2281 1509 2526 1576 Dasein
2575 1529 2714 1578 ver-

516 1629 747 1710 dankt,
813 1629 1023 1695 kaurn
1082 1630 1253 1696 noch
1315 1629 1643 1710 wiirdig.”
1706 1629 2065 1710 Comparat
2125 1647 2278 1696 eam
2321 1649 2476 1697 cum
2525 1632 2715 1715 Capt.

517 1750 616 1815 IV
665 1752 726 1828 2,
788 1754 859 1816 et
904 1751 1197 1832 profecto
1241 1751 1355 1816 illa
1400 1751 1811 1832 comparatio
1856 1766 2258 1832 magnopere
2305 1752 2719 1820 Curculionis

517 1889 801 1939 scaenae
860 1875 1075 1938 nocet.
1138 1873 1259 1949 At,
1321 1873 1465 1953 ipse
1525 1871 1684 1938 illud
1747 1873 2052 1938 concedit
2103 1873 2208 1938 vir
2254 1875 2510 1956 doctuS,
2562 1876 2717 1942 Cur·

516 1993 687 2061 011110
749 2012 885 2060 una
937 1997 1041 2060 est
1088 2011 1126 2059 e
1171 1998 1405 2075 poetae
1453 1994 1930 2061 infirmioribus
1976 1994 2252 2078 fabulis3
2301 1998 2471 2078 quod
2519 1999 2576 2063 si
2621 1999 2721 2065 ita

517 2118 641 2200 est,
714 2115 963 2182 mirum
1034 2133 1181 2181 esse
1248 2134 1381 2182 non
1447 2118 1675 2198 potest
1745 2133 2077 2196 scaenam,
2125 2117 2207 2182 de
2274 2135 2406 2200 qua
2469 2120 2710 2202 agitur,

517 2255 758 2320 parum
839 2237 1138 2303 evasisse
1204 2237 1512 2303 facetam.
1590 2237 2080 2304 Alliterationis
2149 2255 2305 2304 vere
2371 2241 2713 2306 Romanae

518 2359 557 2425 J
560 2377 780 2426 oRnAN
829 2376 1041 2424 unum
1089 2362 1363 2425 tantum
1411 2358 1794 2440 exemplum
1841 2359 1909 2424 in
1957 2362 2104 2425 tota
2151 2377 2393 2426 scaena
2425 2362 2714 2428 inveniri

516 2485 750 2562 putat:
799 2482 959 2546 ditis
1011 2481 1365 2546 damnosos
1380 2503 1403 2556 ,·
1452 2498 1610 2546 nam
1657 2480 1778 2544 vix
1826 2482 1953 2545 huc
2000 2480 2214 2546 facere
2259 2485 2357 2547 vel
2400 2485 2711 2549 vitiosum

517 2605 588 2669 et
646 2606 913 2669 vortant
970 2603 1085 2680 vel,
1150 2619 1570 2685 nequaquam
1632 2604 1862 2668 autem
1923 2604 2251 2686 stipulari
2307 2605 2530 2670 solent.
2581 2604 2714 2692 Cur

518 2729 748 2793 autem
792 2743 929 2793 non
974 2726 1203 2792 laudat
1249 2726 1355 2790 vir
1401 2726 1638 2791 doctus
1678 2725 1972 2808 lepidum
2012 2726 2218 2809 lepide
2254 2744 2466 2808 neque
2504 2730 2714 2794 nimie

514 2865 703 2931 opere
748 2851 976 2913 sumat
1021 2850 1339 2930 operam?
1385 2846 1621 2913 Nonne
1667 2864 1825 2913 vere
1871 2846 2263 2935 Plautinum
2312 2851 2422 2914 est
2463 2849 2560 2914 sic
2607 2848 2712 2915 vel

513 2968 793 3035 eandem
857 2972 1155 3050 repetere
1218 2985 1449 3035 vocem
1511 2968 1618 3033 vel
1670 2969 1972 3037 eiusdem
2019 2970 2250 3053 stirpis
2295 2988 2494 3037 voces
2537 2973 2713 3038 inter

512 3108 585 3157 se
653 3092 973 3171 iungere?
1058 3091 1381 3173 Equidem
1448 3090 2006 3158 alliterationibus
2073 3092 2283 3159 etiam
2347 3093 2711 3160 adnumero

510 3217 608 3281 vel
669 3215 979 3280 vitiosum
1038 3215 1134 3279 vel
1197 3218 1267 3279 et
1310 3215 1633 3297 capulari
1676 3214 1881 3279 solent
1927 3214 2020 3298 (in
2067 3232 2376 3281 sermone
2421 3213 2712 3295 pedestri

510 3336 803 3404 breviter
864 3336 1195 3402 diceretur
1254 3337 1706 3420 stipulatores)
1767 3339 1838 3401 et
1902 3338 2419 3402 commonstrabo
2464 3355 2590 3419 quo
2636 3336 2711 3402 in

514 3472 833 3541 quemque
892 3462 963 3524 et
1006 3461 1170 3523 sunt
1214 3457 1430 3523 subito
1478 3461 1549 3523 et
1594 3457 1884 3523 fortasse
1929 3458 2158 3523 eodem
2202 3460 2273 3524 et
2318 3460 2710 3539 confidentes

509 3579 907 3661 qam-ulique
971 3581 1080 3643 est
1149 3578 1586 3644 referendum.
1656 3578 1860 3644 Porro
1931 3596 2063 3644 non
2132 3597 2174 3645 a
2239 3580 2461 3645 Plauti
2530 3596 2710 3646 more

511 3700 819 3765 abhorret
850 3698 942 3782 (id
980 3699 1152 3780 quod
1192 3702 1373 3765 certe
1412 3702 1642 3765 nostro
1680 3702 2043 3779 cognatum
2079 3705 2185 3765 est
2221 3699 2378 3777 loco)
2419 3699 2706 3781 aliquem

510 3820 847 3886 dicentem
904 3820 1235 3902 inducere,
1302 3821 1459 3903 quid
1521 3821 1699 3887 inter
1757 3821 1922 3887 duos
1981 3825 2176 3887 actus
2237 3822 2541 3887 futurum
2595 3822 2706 3887 sit.

508 3938 583 4005 E.
633 3958 693 4022 g.
757 3941 827 4006 in
890 3941 1021 4007 fine
1085 3941 1393 4008 Pseudoli
1448 3946 1645 4008 actus
1691 3942 1889 4024 primi
1933 3943 2326 4009 histrionem
2375 3942 2709 4008 dicentem

508 4063 736 4143 fingit:
808 4063 1095 4149 „tibicen
1159 4081 1282 4129 vos
1338 4064 1609 4129 interibi
1669 4062 1778 4129 hic
1833 4062 2330 4129 delectaverit.”
2395 4061 2491 4128 Of.
2557 4062 2705 4129 Cas.

510 4184 637 4251 797
704 4200 839 4264 sq.:
909 4185 1097 4268 „Age
1168 4184 1437 4265 tibicen,
1502 4184 1664 4249 dum
1722 4183 1904 4250 illam
1951 4185 2243 4250 educunt
2287 4184 2417 4249 huc
2461 4201 2707 4250 novam

510 4308 793 4385 nuptam
856 4303 1053 4381 forae,
1110 4304 1323 4371 Suavi
1369 4309 1572 4370 cantu
1618 4306 1997 4372 concelebra
2042 4306 2213 4371 hanc
2257 4306 2549 4387 plateam
2593 4305 2707 4388 hy-

505 4423 845 4492 menaeo”.
