3459 5300
1564 561 1693 626 123

522 742 890 821 genuinum
928 759 1076 808 esse
1114 760 1317 824 quam
1357 759 1460 808 νε.
1508 743 1631 808 531
1679 759 2076 824 persuasum
2114 741 2279 808 mihi
2317 743 2444 807 est.
2472 741 2727 807 Versus

522 881 735 945 neque
775 864 1075 930 insulsus
1113 867 1221 930 est
1261 881 1474 946 neque
1513 864 1746 947 inepta
1784 863 2053 946 parodia
2089 880 2328 931 versus
2368 862 2518 928 531.
2545 863 2726 928 Leno

521 985 759 1066 plenus
796 988 904 1052 est
941 986 1217 1052 deorum
1256 986 1715 1069 propitiorum,
1752 1002 2038 1068 quorum
2058 985 2347 1065 gratiam
2368 987 2729 1067 postquam

520 1109 656 1173 iam
703 1110 1059 1189 expertum
1109 1126 1182 1175 se
1230 1125 1380 1174 esse
1425 1109 1636 1174 credit
1682 1108 1754 1173 in
1803 1108 2153 1174 vendenda
2204 1106 2479 1187 virgine,
2512 1106 2727 1171 denuo

521 1229 738 1294 sensit
776 1228 847 1294 in
894 1247 965 1295 re
1013 1230 1239 1296 divina
1278 1229 1596 1296 facienda.
1639 1229 1816 1295 Nam
1855 1245 1927 1295 re
1964 1229 2193 1295 divina
2233 1228 2429 1310 facta,
2456 1227 2546 1292 dii
2568 1244 2727 1292 eum

520 1353 948 1432 monuerunt,
1012 1352 1092 1415 ut
1154 1351 1381 1416 decem
1434 1351 1656 1417 minas
1702 1353 1962 1431 peteret
2008 1369 2048 1416 a
2093 1349 2441 1431 trapezita,
2490 1365 2574 1414 ne
2620 1348 2727 1414 hic

517 1469 688 1536 clam
733 1488 889 1538 cum
939 1471 1023 1537 iis
1070 1489 1143 1538 se
1191 1473 1609 1540 subduceret.
1655 1473 1936 1554 Propter
1972 1472 2131 1539 illud
2173 1472 2511 1556 monitum
2552 1470 2729 1536 miri-

522 1592 645 1657 fico
690 1592 927 1671 gaudio
973 1593 1210 1669 elatuS‚
1256 1593 1470 1660 facere
1509 1611 1645 1659 non
1685 1597 1927 1677 potest,
1969 1594 2129 1674 quin
2167 1591 2417 1659 iterum
2456 1593 2725 1671 gratum

521 1730 723 1778 suum
760 1730 914 1795 erga
951 1715 1111 1781 deos
1142 1718 1440 1781 testetur
1462 1715 1788 1795 animum,
1816 1715 1932 1782 sed
1954 1715 2207 1781 comica
2232 1714 2727 1780 sententiarum

519 1834 1037 1902 conformatione
1097 1839 1169 1903 in
1229 1837 1499 1918 apodosi
1563 1837 1765 1914 idem,
1826 1854 2239 1920 quamquam
2284 1835 2434 1902 aliis
2479 1835 2723 1916 verbiS‚

520 1957 681 2023 dicit
727 1961 931 2039 atque
978 1960 1049 2024 in
1098 1960 1386 2041 protasi:

692 2082 846 2162 quoi
885 2082 1139 2147 homini
1177 2082 1242 2147 di
1282 2085 1444 2148 sunt
1466 2082 1755 2165 propitii,
1781 2081 1844 2146 ei
1879 2118 1941 2128 —
1979 2098 2113 2147 non
2137 2097 2285 2147 esse
2306 2079 2514 2146 iratos
2537 2083 2723 2162 puto.

613 2205 821 2270 Recte
868 2205 1128 2271 confert
1173 2204 1310 2271 Lno
1356 2204 1511 2270 Aul.
1562 2206 1727 2272 207:

703 2325 785 2391 Di
809 2344 920 2392 me
943 2329 1240 2403 servant,
1259 2327 1444 2393 salva
1470 2343 1577 2392 res
1601 2329 1725 2392 est.
1754 2327 2084 2392 salvomst
2107 2327 2164 2392 si
2188 2326 2346 2408 quid
2371 2343 2505 2391 non
2529 2326 2721 2408 perit.

613 2446 778 2528 Quid
849 2429 1088 2514 causae
1155 2447 1616 2529 interpolatori
1684 2465 1831 2513 esse
1894 2447 2209 2530 potuerit,
2277 2463 2396 2511 cur
2456 2450 2725 2530 propter

523 2567 812 2634 similem
860 2586 1084 2636 rerum
1131 2569 1580 2636 conditionem
1621 2570 2013 2653 (postquam
2060 2587 2204 2634 rem
2251 2568 2555 2634 divinam
2599 2569 2727 2653 feci

520 2708 619 2758 vs.
674 2691 832 2774 558)
880 2709 1161 2758 suavem
1207 2689 1394 2758 illam
1433 2691 1820 2774 dulcemque
1859 2708 2097 2758 versus
2140 2692 2264 2758 531
2310 2692 2725 2759 sententiam

521 2813 900 2895 legentibus
946 2816 1015 2881 in
1055 2819 1357 2882 mentem
1394 2831 1705 2882 revocare
1752 2815 1970 2898 vellet,
2014 2832 2287 2896 prorsus
2333 2832 2442 2881 me
2488 2815 2677 2881 latet.

613 3075 716 3124 νε.
784 3058 911 3125 537
976 3076 1116 3140 sqq.
1180 3060 1802 3142 Therapontigonus
1861 3063 1931 3125 et
1977 3060 2156 3144 Lyco
2201 3059 2607 3129 altercantes
2651 3061 2722 3126 in

517 3196 830 3245 scaenam
877 3179 1283 3260 prodierunt.
1334 3180 1523 3245 Miles
1568 3197 1701 3245 non
1744 3180 2050 3247 mediocri
2092 3181 2191 3247 ira
2229 3182 2511 3247 affectus
2548 3182 2722 3262 quod

519 3300 705 3381 virgo
742 3318 784 3365 a
804 3302 897 3366 'se
935 3304 1164 3383 empta
1201 3301 1314 3366 alii
1355 3301 1604 3367 tradita
1643 3302 1754 3386 sit,
1798 3303 2167 3383 trapezitae
2209 3307 2494 3370 mortem
2532 3303 2722 3368 mini·

518 3424 728 3497 tatur,
774 3422 908 3488 nisi
955 3424 1193 3489 statim
1238 3424 1472 3489 reddat
1517 3424 1798 3505 triginta
1845 3425 2085 3491 minas.
2148 3425 2465 3493 Gloriosis
2518 3429 2723 3507 atque

517 3545 823 3625 superbis
864 3546 1100 3611 militis
1137 3546 1360 3613 verbis
1399 3547 1580 3629 Lyco
1615 3547 1911 3614 breviter
1932 3552 2135 3629 atque
2160 3550 2305 3614 sine
2329 3550 2721 3629 ambagibus

517 3668 890 3749 respondet,
941 3686 1076 3734 non
1123 3669 1266 3734 sine
1312 3668 1582 3750 parodia
1627 3669 1905 3735 alterius
1955 3671 2155 3737 verba
2201 3671 2516 3738 imitans:

697 3787 846 3854 Non
906 3787 1132 3869 edepol
1192 3805 1371 3854 nunc
1423 3805 1543 3868 ego
1590 3792 1661 3854 te
1708 3789 2023 3857 mediocri
2070 3794 2292 3859 macto
2338 3792 2719 3876 infortun10,

697 3908 821 3974 Sed
867 3926 1063 3991 eopse
1107 3909 1216 3976 illo
1261 3928 1392 3992 quo
1439 3914 1734 3977 mactare
1780 3912 1955 3979 soleo
2000 3914 2155 3995 quoi
2201 3913 2294 3979 nil
2340 3914 2561 3980 debeo.

606 4031 713 4096 Ad
762 4048 932 4113 quae
979 4032 1634 4113 Therapontigonus:

697 4154 796 4220 Ne
845 4157 915 4218 te
961 4154 1056 4219 mi
1101 4154 1308 4220 facias
1353 4155 1636 4221 ferocem
1682 4159 1807 4220 aut
1855 4156 2225 4238 supplicare
2272 4175 2561 4225 censeas.

607 4274 945 4341 Ultimum
1004 4275 1188 4341 enim
1248 4292 1524 4341 versum
1579 4279 1759 4341 recte
1807 4277 2097 4345 editores
2141 4279 2451 4346 tribuunt
2496 4280 2717 4363 militi,

511 4397 669 4463 licet
738 4397 809 4461 in
879 4397 1212 4463 codicibus
1274 4398 1467 4464 initio
1530 4415 1769 4464 versus
1830 4400 2100 4479 signum
2163 4419 2483 4483 personae
2543 4404 2718 4469 desit
