3459 5300
1351 1419 1724 1503 CAPUT
1793 1423 1860 1505 I.

1457 1695 1749 1703 ——.

1045 1889 1148 1957 De
1189 1889 1634 1959 Curculioniis
1671 1891 1854 1958 Actu
1901 1891 2155 1975 primo.

593 2078 693 2125 vs.
751 2063 832 2126 12
882 2079 978 2144 sq.

503 2181 696 2246 PAL.
740 2182 916 2249 Nam
940 2200 1070 2266 quo
1096 2188 1164 2249 te
1187 2185 1402 2250 dicam
1426 2201 1546 2266 ego
1568 2185 1714 2250 ire?
1739 2183 2040 2249 PHAED
2066 2181 2132 2268 ¹).
2160 2183 2229 2248 Si
2256 2185 2329 2247 tu
2356 2200 2465 2249 me
2490 2200 2699 2262 roges,

503 2303 733 2369 Dicam
784 2307 862 2369 ut
910 2307 1100 2372 scias.
1157 2307 1350 2372 PAL.
1401 2307 1470 2372 Si
1517 2308 1817 2389 rogitem,
1868 2307 2025 2387 quid
2072 2304 2525 2386 respondeas?

594 2424 712 2488 Vs.
769 2426 849 2488 12
895 2427 1288 2492 Phaedromi
1331 2445 1612 2509 persona
1650 2429 1879 2495 addita
1915 2431 2024 2492 est
2087 2427 2154 2492 in
2218 2426 2358 2492 cod.
2402 2427 2455 2490 B
2496 2443 2703 2491 manu

503 2543 734 2617 altera,
783 2544 950 2612 item
998 2565 1198 2613 versu
1249 2550 1560 2631 sequenti
1598 2549 1915 2624 Palinuri,
1953 2566 2159 2630 quam
2200 2547 2532 2613 rationem
2571 2565 2705 2613 om·

505 2666 722 2746 nibus,
765 2671 1154 2735 recentioris
1194 2675 1374 2737 certe
1412 2674 1676 2753 aet-atiS‚
1718 2672 2083 2739 editori-bus
2122 2669 2383 2751 probari
2409 2670 2703 2735 maxime

504 2787 727 2853 miror.
792 2790 959 2870 Quid
1022 2792 1257 2857 enim?
1318 2795 1536 2873 Rogat
1588 2794 1975 2859 Palinurus:
2033 2810 2199 2878 „quo
2247 2796 2324 2857 tu
2375 2791 2528 2856 is?”
2580 2791 2703 2872 Qui

503 2925 685 2973 nunc
746 2894 1200 2977 Phaedromus
1253 2918 1611 2998 ‚rogantem
1673 2916 1924 2980 verbis:
1998 2915 2097 2999 „si
2159 2912 2393 2991 roges'’
2462 2912 2705 2993 alloqui

503 3032 776 3109 potest?
837 3033 925 3097 Et
986 3035 1312 3114 quomodo
1367 3034 1604 3100 deinde
1673 3035 2028 3100 Palinurus
2090 3035 2341 3099 dicere:
2397 3033 2495 3119 „si
2541 3034 2706 3114 rogi-

500 3153 739 3217 tem’'‘?
801 3154 962 3219 Mihi
1022 3156 1290 3236 quidem
1351 3157 1909 3221 absurdissimum
1963 3157 2147 3221 istud
2197 3156 2480 3220 videtur.
2530 3153 2706 3221 Sana

502 3274 777 3339 exsistit
823 3277 1182 3361 sententia,
1231 3277 1289 3341 si
1327 3278 1569 3344 codicis
1610 3280 1662 3342 B
1703 3280 1988 3358 priorem
2028 3295 2306 3343 manum
2347 3279 2706 3358 sequentes

502 3398 743 3462 omnia.
786 3398 1024 3463 damus
1086 3399 1415 3481 Palinuro,
1481 3402 1561 3465 ut
1607 3401 1729 3466 hoc
1776 3401 1954 3466 dicat
2000 3400 2142 3466 ille:
2200 3416 2391 3485 „rogo
2438 3402 2525 3481 te,
2576 3416 2705 3479 quo

501 3523 576 3584 tu
625 3536 901 3585 censeas
951 3523 1020 3586 te
1065 3522 1179 3603 ire,
1230 3539 1400 3603 quae
1447 3526 1566 3586 tua
1607 3523 1697 3587 sit
1736 3523 2076 3587 sententia
2113 3522 2193 3585 de
2230 3522 2362 3586 fine
2401 3525 2472 3586 et
2514 3520 2704 3586 exitu

501 3642 798 3723 itineris;
863 3659 982 3721 ego
1026 3643 1106 3707 de
1153 3644 1275 3709 hac
1323 3661 1392 3708 re
1442 3660 1662 3709 meam
1710 3644 1877 3709 mihi
1924 3645 2131 3709 habeo
2180 3643 2594 3724 opinionem:
2644 3641 2702 3706 si

567 3871 624 3938 1)
661 3870 787 3923 Non
821 3868 1014 3939 iniuria
1050 3869 1244 3925 Bonis
1282 3868 1507 3923 offensus
1545 3888 1658 3923 esse
1694 3870 1907 3924 videtur
1947 3869 2159 3923 nomine
2195 3864 2527 3930 Phaedromi,
2564 3861 2706 3935 quod

496 3974 688 4009 nomen
721 3955 934 4009 omniuo
969 3974 1126 4009 sensu
1163 3974 1363 4010 cassum
1408 3960 1502 4009 est.
1542 3956 1740 4011 Tamen
1778 3974 1977 4024 vereor,
2016 3960 2075 4010 ut
2114 3954 2255 4026 quod
2292 3953 2404 4024 ipse
2436 3948 2710 4023 proposuit

496 4041 851 4113 recipiendum
900 4042 984 4097 sit.
1035 4042 1216 4098 Voluit
1261 4043 1402 4098 enim
1445 4043 1617 4097 iuveni
1657 4061 1847 4098 nomen
1883 4042 2009 4097 dare
2047 4039 2353 4096 Phaedimo.
2394 4036 2542 4103 Quod
2581 4035 2707 4089 lieet

500 4130 757 4183 Graecum
807 4128 876 4183 sit
923 4147 1115 4183 nomen
1163 4128 1289 4183 satis
1331 4129 1716 4201 pervulgatum,
1758 4134 1932 4184 tamen
1969 4148 2076 4183 non
2109 4131 2291 4199 aptum
2330 4124 2460 4179 mihi
2499 4122 2707 4177 videtur

500 4220 680 4271 nostro
751 4214 945 4270 iuveni.
1018 4214 1161 4284 Quid
1233 4216 1278 4269 si
1349 4216 1398 4270 ei
1452 4233 1642 4270 nomon
1696 4216 1979 4271 tribuimus
2036 4219 2276 4281 Φαιδρόνῳ
2332 4209 2709 4280 (nominativus

502 4304 848 4373 Φαιδρόνους)Ρ
899 4304 1015 4357 Hoc
1063 4320 1253 4356 nomen
1303 4302 1568 4373 aptissime
1606 4308 1660 4357 et
1696 4303 1909 4357 omnino
1948 4303 2173 4357 indolem
2213 4299 2412 4355 iuvenis
2448 4296 2711 4352 illustrare

499 4392 725 4446 arbitror
761 4396 815 4446 et
848 4408 970 4462 prae
1005 4390 1192 4444 ceteris
1230 4388 1445 4459 pudicos
1486 4389 1597 4443 eius
1635 4389 1887 4444 adversus
1926 4390 2149 4461 puellam
2191 4404 2376 4442 mores.
