3459 5300
1559 556 1686 621 145

526 754 644 818 pro
707 736 994 804 satellite
1039 754 1325 820 eumque
1372 741 1564 803 vetat
1609 741 1857 804 testem
1904 755 2071 820 esse,
2121 751 2251 820 quo
2296 736 2472 803 facto
2520 736 2723 804 Phae·

527 858 803 924 dromus
849 858 940 925 illi
989 860 1186 925 obicit
1235 859 1796 926 exsecrationem:

707 981 1010 1062 Iuppiter
1056 983 1146 1057 te,
1194 981 1405 1057 miles,
1454 981 1707 1062 perdat,
1758 983 2129 1047 intestatus
2181 981 2417 1047 vivito.

528 1101 718 1165 miles
753 1101 1132 1167 coniectura
1169 1105 1276 1166 est
1314 1101 1552 1168 Lnonn
1588 1119 1704 1182 pro
1744 1103 1949 1183 male;
1988 1104 2331 1184 comparat
2362 1101 2468 1166 vir
2490 1101 2725 1167 doctus

533 1241 634 1288 vs.
701 1224 852 1298 720,
915 1219 1104 1305 Capt.
1169 1225 1335 1298 9093
1397 1224 1813 1290 FLonman
1875 1223 2039 1303 legit
2099 1224 2181 1289 ad
2247 1240 2564 1289 numeros
2616 1240 2724 1288 ex·

530 1344 835 1426 plendos:
899 1348 968 1410 at
1021 1348 1079 1410 te
1126 1344 1436 1429 Iuppiter
1452 1369 1478 1426 ,·
1523 1347 1596 1412 in
1642 1346 1890 1412 Aldina
1931 1346 2175 1426 legitur
2220 1347 2563 1428 disperdat
2609 1362 2724 1426 pro

523 1467 788 1550 perdat.
853 1466 1109 1533 Ussme
1176 1471 1248 1532 et
1309 1467 1525 1534 Gon‘rz
1575 1470 1955 1549 sequuntur
2000 1467 2348 1533 GUIJETUM
2393 1465 2723 1532 delentem

533 1604 824 1654 versum.
870 1588 970 1653 At
1015 1589 1275 1670 probari
1319 1589 1502 1655 istud
1547 1607 1680 1656 non
1728 1591 1956 1671 potest
1998 1588 2165 1654 1111111
2207 1586 2480 1655 0111111110
2526 1588 2725 1653 Phae·
2778 1675 2782 1684 Ι

531 1710 835 1776 dromum
895 1712 1233 1778 recusanti
1295 1713 1495 1778 militi
1554 1713 1968 1793 respondere,
2010 1711 2124 1776 sed
2174 1711 2413 1776 statim
2461 1727 2533 1775 se
2580 1728 2725 1776 con·

532 1836 795 1899 vertere
854 1834 936 1899 ad
998 1833 1478 1900 Curculionem.
1542 1834 1724 1914 Quod
1782 1833 2039 1900 Ussme
2082 1833 2450 1898 arbitratur
2494 1831 2743 1898 vocem

531 1956 884 2019 intestatus
924 1954 1030 2020 hic
1076 1956 1206 2020 non
1254 1958 1433 2022 recte
1479 1955 1797 2031 adhiberi,
1822 1972 1906 2020 ne
1942 1956 2065 2020 hoc
2103 1955 2367 2037 quidem
2408 1955 2749 2034 001100(10;ν

532 2073 778 2154 colligit
843 2075 946 2139 vir
1007 2076 1244 2141 doctus
1306 2077 1490 2143 vocis
1537 2075 2090 2156 significationem
2135 2092 2220 2141 ex
2267 2064 2570 2151 vsq695,
2616 2074 2728 2140 ubi

535 2197 931 2282 „intestatus
995 2213 1150 2262 reus
1211 2197 1470 2281 dicitur,
1535 2197 1666 2281 qui,
1723 2215 1931 2280 quum
1968 2173 2327 2263 ¹intestatio
2374 2197 2551 2262 facta
2597 2213 2728 2261 non

535 2318 645 2402 sit,
698 2319 766 2383 in
819 2319 928 2384 ius
972 2318 1231 2401 rapitur
1250 2341 1265 2401 ;
1319 2321 1434 2385 sed
1482 2320 1607 2386 1100
1655 2337 1772 2401 pro
1816 2320 2157 2402 obprobrio
2206 2319 2394 2385 obiici
2440 2335 2573 2386 non
2622 2335 2727 2401 po·

535 2444 712 2522 test;
763 2441 876 2523 qui
921 2442 1100 2507 hunc
1146 2459 1419 2508 versum
1468 2442 1539 2526 (i.
1569 2461 1618 2506 e.
1660 2460 1755 2508 vs.
1798 2443 1957 2520 622)
2000 2442 2286 2524 scripsit,
2313 2442 2494 2507 aliud
2530 2441 2729 2506 simul

535 2563 1015 2643 significaverit
1059 2580 1329 2629 necesse
1367 2568 1493 2638 est,
1537 2564 1682 2629 sine
1722 2564 1920 2630 dubio
1958 2563 2155 2638 idem,
2195 2564 2368 2646 quod
2394 2563 2526 2628 Mil.
2557 2562 2725 2630 1407

533 2685 656 2769 (ed.
721 2685 916 2751 Leon.
981 2687 1203 2765 1416),
1273 2686 1598 2751 testiculis
1649 2688 1991 2752 carentem
2012 2707 2027 2767 ;
2077 2703 2199 2752 nec
2245 2685 2561 2751 Plautum
2608 2685 2729 2751 1100

536 2808 884 2889 scripsisse
928 2807 1230 2883 arbitror,
1281 2808 1396 2873 sed
1443 2808 1838 2873 histrionem
1885 2808 2174 2889 aliquem
2220 2806 2395 2873 illius
2439 2807 2563 2873 loci
2599 2824 2727 2871 me-

534 2946 789 2995 morem
829 2928 1337 3008 frigidissimum
1375 2930 1597 2995 iocum
1633 2929 2056 3025 intrusisse”.
2096 2931 2194 2994 At
2231 2930 2460 3011 quidni
2500 2931 2729 2995 nostro

533 3050 670 3116 1000
729 3052 1083 3116 intestatus
1128 3051 1256 3117 dici
1303 3055 1527 3133 potest
1574 3069 1691 3133 pro
1738 3050 2175 3118 intestabilis?
2222 3052 2399 3117 sicut
2444 3052 2732 3115 invictus

536 3172 777 3237 dicitur
841 3190 975 3238 non
1023 3174 1240 3239 solum
1287 3174 1366 3249 is,
1416 3174 1528 3255 qui
1574 3191 1710 3239 non
1757 3174 1983 3239 victus
2029 3177 2154 3253 est,
2203 3172 2318 3237 sed
2364 3173 2571 3238 etiam
2616 3171 2728 3252 qui

533 3293 712 3359 vinci
757 3312 886 3359 non
935 3297 1179 3375 potest.

625 3415 801 3481 Dum
885 3415 1189 3481 Curculio
1258 3417 1524 3491 accedit,
1601 3421 1678 3482 ut
1748 3417 2187 3482 antestationi
2256 3432 2329 3481 se
2396 3416 2728 3496 praebeat,

535 3536 726 3603 miles
772 3537 1126 3616 indignans
1170 3535 1451 3602 clamat:
1502 3555 1805 3623 „servom
1843 3538 2266 3604 antestati?’'
2291 3538 2469 3618 Quae
2508 3537 2732 3612 verba,

534 3676 703 3740 quae
765 3659 834 3724 in
897 3658 1230 3723 codicibus
1291 3658 1702 3724 Curculionis
1763 3662 1946 3736 sunt,
2010 3664 2189 3725 recte
2252 3658 2447 3725 militi
2496 3657 2735 3723 tribuit

537 3781 813 3846 Ussrne.
876 3780 974 3844 Ut
1031 3780 1167 3845 iam
1231 3797 1430 3860 supra
1495 3781 1809 3856 vidimus,
1872 3783 2032 3846 haec
2092 3798 2351 3862 quoque
2428 3778 2734 3845 satellitis

535 3918 682 3967 esse
729 3901 1098 3966 arbitratur
1143 3902 1474 3967 Rfflssnoxz
1524 3919 1683 3966 nam
1733 3918 1945 3983 neque
1991 3902 2131 3967 fieri
2175 3918 2369 3983 posse
2412 3905 2493 3966 ut
2530 3900 2771 3965 verba.

533 4023 922 4104 sequentia:
976 4023 1188 4105 „vide
1237 4038 1344 4088 em
1392 4026 1472 4087 ut
1517 4022 1690 4089 scias
1738 4040 1846 4088 me
1890 4022 2170 4088 liberum
2214 4022 2409 4087 esse’'
2451 4022 2533 4086 ad
2578 4019 2736 4085 The-

532 4145 1046 4226 rapontigonum
1094 4147 1419 4224 spectent,
1473 4148 1544 4209 et
1588 4145 1766 4210 hunc
1811 4145 2009 4225 probe
2055 4146 2221 4209 scire
2272 4143 2736 4209 Curculionem

533 4284 667 4333 non
713 4282 865 4331 esse
911 4282 1207 4330 servum.
1255 4265 1355 4330 At
1394 4282 1568 4345 rogo,
1608 4283 1773 4331 num
1816 4264 2174 4331 verisimile
2216 4265 2308 4330 sit
2349 4264 2473 4329 hoc
2512 4263 2739 4328 minus

533 4392 771 4454 notnm
836 4388 1148 4453 habuisse
1209 4386 1567 4453 satellitem
1634 4388 1895 4453 militis.
1946 4387 2182 4453 Nonne
2233 4390 2460 4469 potest
2525 4384 2739 4461 miles,

2476 4502 2536 4553 10
