3459 5300
1594 601 1679 669 75

537 784 684 866 9er
718 813 800 838 =
849 785 1066 851 lantes
1129 786 1376 862 Tenen,
1447 786 1746 863 Brffllen‚
1806 786 2027 867 Spott,
2089 775 2441 869 Ubermut,
2505 785 2741 868 Hohn3

535 905 752 987 §elfere
800 933 882 959 ---
932 906 1256 983 schreien‚
1304 908 1691 988 ubermfitig
1737 908 1903 983 sein,
1953 907 2250 988 prahlen.
2323 907 2409 971 Et
2454 906 2747 973 animad-

540 1028 770 1090 vertas
829 1043 1078 1106 quaeso
1131 1026 1352 1109 ipsam
1396 1028 1572 1094 hanc
1619 1027 1760 1092 vim
1807 1027 2496 1108 significationemque
2540 1029 2745 1109 requi-

536 1162 682 1212 rere
729 1146 1144 1214 Curculionis
1194 1165 1466 1214 versum
1517 1185 1596 1197 —
1648 1167 1810 1215 nam
1850 1149 2162 1226 eundem,
2201 1165 2403 1230 quem
2441 1148 2747 1230 halapan-

538 1270 681 1334 tem
725 1286 813 1334 an
861 1273 1306 1350 sucopantam
1352 1274 1535 1336 recte
1580 1272 1761 1337 dicat
1802 1270 2036 1350 nescit,
2079 1271 2519 1337 antecedente
2544 1287 2747 1337 versu

537 1393 935 1469 nugatorem
995 1391 1289 1472 lepidum
1352 1392 1516 1458 dicit
1570 1392 1918 1472 choragus,
1968 1396 2295 1474 sequente
2340 1409 2499 1458 vero
2543 1409 2747 1458 versu

539 1515 955 1578 ‘ornamenta
998 1529 1171 1595 quae
1211 1513 1424 1578 locavi
1464 1516 1693 1578 metuo
1734 1515 1811 1578 ut
1853 1513 2105 1594 possim
2144 1512 2455 1595 recipere'
2496 1513 2748 1578 indicat

541 1636 946 1714 sucopantae
993 1650 1239 1699 nomen
1281 1633 1350 1716 (i.
1376 1650 1432 1698 e.
1476 1637 1787 1699 nostrum
1828 1634 2183 1719 Botraqer)
2223 1635 2439 1714 magis
2462 1635 2532 1700 in
2558 1634 2747 1700 illum

539 1754 862 1836 quadrare
918 1756 1045 1821 sibi
1091 1756 1324 1821 videri.
1375 1755 1736 1836 opponitur
1779 1773 1934 1836 ergo
1980 1760 2350 1838 sucopanta
2372 1805 2375 1810 -
2396 1757 2747 1822 hominum

539 1876 801 1942 cuidam
861 1878 1084 1957 generi
1129 1878 1304 1959 quod
1351 1895 1763 1960 quamquam
1811 1879 2246 1959 nugatorium
2291 1877 2459 1944 bene
2505 1877 2748 1943 dicitur

539 2000 772 2064 tamen
831 2015 872 2064 a
930 1999 1288 2066 deterrimo
1349 2003 1874 2082 sucopantarum
1930 2000 2602 2082 defraudatorumque
2646 2016 2747 2079 ge·

540 2135 698 2184 nere
741 2119 965 2186 differt
982 2140 998 2201 ;
1047 2121 1198 2187 vide
1243 2138 1329 2187 ne
1375 2121 1554 2186 hunc
1595 2138 1876 2187 sensum
1914 2120 2212 2202 requirat
2254 2137 2529 2186 versus:
2555 2122 2749 2186 einen

541 2240 790 2306 blossen
835 2242 1129 2308 Pramer
1173 2243 1331 2308 oder
1367 2244 1698 2326 §erade-zu
1737 2245 1928 2309 einen
1966 2243 2294 2324 Betrvzyer
2329 2261 2593 2309 neuneu
2629 2244 2749 2309 soll

544 2379 601 2428 e.
627 2379 690 2444 q.
719 2381 774 2428 s.
837 2363 1028 2444 isque
1089 2381 1296 2445 quam
1359 2365 1657 2430 maxime
1718 2365 1801 2430 ad
1864 2365 2052 2431 Festi
2099 2363 2429 2445 Noniique
2474 2362 2749 2430 voculae

544 2484 721 2549 illius
783 2485 1374 2565 interpretationes
1435 2486 1725 2569 accedat,
1786 2486 1899 2568 qui
1945 2486 2378 2567 halapantam
2424 2486 2750 2551 mentien-

543 2609 687 2673 tem
748 2607 1345 2689 interpretantur&
1415 2607 1513 2674 Ut
1574 2607 1709 2673 iam
1773 2607 1932 2689 dixi,
1998 2624 2129 2672 non
2188 2605 2355 2672 facio
2400 2622 2555 2671 cum
2605 2607 2748 2674 viro

542 2729 754 2796 docto.
803 2730 980 2796 Vere
1025 2729 1292 2811 quidem
1336 2730 1728 2796 observavit
1774 2730 2268 2811 sycophantam
2292 2729 2531 2810 opponi
2551 2727 2748 2794 alicui

542 2852 817 2934 homini,
862 2853 998 2933 qui,
1045 2869 1454 2933 quamquam
1502 2854 1791 2930 nugator
1838 2853 2017 2915 recte
2063 2850 2192 2915 dici
2230 2853 2474 2930 potest,
2512 2853 2747 2915 tamen

540 2974 766 3040 differt
832 2992 876 3039 a
943 2975 1515 3056 sycophantarum
1582 2973 1624 3037 i.
1651 2988 1708 3037 e.
1780 2972 2235 3037 fraudatorem
2298 2989 2557 3052 genere.
2621 2972 2747 3038 Sed

543 3113 710 3177 nego
785 3096 1205 3176 gloriatorem
1273 3093 1377 3161 vel
1449 3095 1846 3161 iactatorem
1913 3095 1938 3169 (
1948 3091 2311 3181 „Schreier,
2383 3095 2749 3182 Prahler”)

541 3219 672 3284 dici
738 3235 934 3301 posse
1001 3215 1297 3300 lepidum
1365 3220 1791 3296 nugatorem,
1862 3217 2040 3282 sicut
2101 3217 2407 3283 Curculio
2472 3220 2750 3284 vocatur

543 3356 644 3405 vs.
697 3338 849 3404 463.
920 3338 1308 3421 Requiritur
1366 3354 1521 3417 ergo
1566 3353 1833 3421 nomen,
1882 3339 2059 3419 quod
2108 3341 2180 3403 et
2224 3341 2599 3421 opponatur
2643 3356 2747 3422 sy-

543 3462 914 3544 cophantae
976 3460 1229 3527 nomini
1291 3463 1362 3526 et
1407 3460 1681 3542 perinde
1729 3463 1936 3540 atque
1981 3460 2107 3525 hoc
2150 3460 2341 3544 (nam
2388 3461 2596 3526 etiam
2643 3477 2747 3543 sy·

543 3584 876 3666 cophanta
919 3583 1122 3651 certis
1166 3583 1666 3649 condicionibus
1711 3582 1971 3664 lepidus
2006 3585 2293 3662 nugator
2330 3582 2459 3647 dici
2498 3583 2748 3667 pot-est)

544 3707 828 3789 quadret
888 3707 958 3771 in
1017 3704 1215 3786 lepidi
1277 3706 1625 3785 nugatoris
1687 3704 2223 3785 appellationem.
2288 3702 2471 3784 Quod
2516 3706 2748 3768 autem

545 3845 792 3894 nomen
828 3827 954 3892 hic
1001 3827 1215 3906 magis
1259 3829 1499 3907 aptum
1544 3828 1652 3891 est
1699 3841 1905 3905 quam
1950 3824 2281 3890 Graecum
2333 3823 2691 3901 ἀλοφάντης
2714 3825 2750 3887 ‘2

548 3947 945 4028 ’Λλοφάντης
1008 3947 1069 4013 is
1113 3951 1244 4023 est,
1292 3948 1406 4028 qui
1452 3948 1664 4024 φαίνει
1715 3942 1881 4014 ἅλας
1930 3945 1973 4009 1.
2000 3962 2058 4010 e.
2106 3946 2221 4026 qui
2266 3945 2582 4027 ostendit,
2631 3944 2748 4026 qui

542 4072 610 4136 in
675 4087 748 4136 se
809 4069 1014 4134 habet
1070 4067 1360 4151 leporem
1425 4072 1496 4134 et
1558 4069 1892 4135 astutiam
1953 4067 2060 4147 (cf.
2108 4068 2255 4133 Cas
2308 4069 2437 4133 218
2484 4071 2555 4133 et
2602 4068 2747 4132 Ter.

542 4190 716 4258 Eun.
788 4192 968 4276 400).
1038 4191 1322 4257 Luditur
1391 4191 1634 4273 duplici
1695 4190 2179 4271 significatione
2239 4192 2427 4256 verbi
2485 4190 2747 4270 φαίνειν.

545 4315 751 4381 Vides
795 4314 1311 4396 explicationem
1357 4313 1716 4379 admodum
1756 4330 1904 4379 esse
1946 4313 2317 4393 simplicem
2341 4315 2544 4395 atque
2569 4313 2749 4378 viros

543 4436 774 4503 doctos
818 4437 1084 4517 longius
1128 4436 1544 4518 quaesivisse
1587 4436 1764 4517 quod
1810 4438 1958 4501 erat
2003 4452 2161 4517 prae
2205 4409 2535 4503 manibus.
