3459 5300
1575 609 1653 674 11

505 807 546 853 a
592 788 889 856 Luoflsm
919 788 988 874 1)‚
1037 792 1151 872 qui
1199 791 1370 872 quod
1412 790 1564 872 fieri
1601 793 1778 873 apud
1814 794 2037 874 potine
2076 791 2302 857 omitti
2342 789 2551 856 soleat
2592 791 2711 856 vix

503 927 652 976 esse
716 914 914 991 putat
970 914 1399 993 quamobrem
1446 914 1656 979 etiam
1703 914 1858 993 fieri
1901 913 1973 978 in
2022 913 2464 993 suspicionem
2515 912 2713 977 addu-

503 1035 732 1112 catur3
777 1036 1075 1098 ceterum
1114 1033 1302 1098 facile
1341 1052 1490 1100 esse
1531 1034 1745 1100 delere
1783 1034 1935 1116 fieri
1969 1037 2174 1115 atque
2214 1035 2375 1098 ante
2416 1034 2521 1098 vel
2560 1036 2716 1114 post

503 1154 890 1219 inmodestis
937 1154 1348 1220 substituere
1395 1156 1562 1234 istie,
1614 1156 1787 1237 quod
1827 1154 2293 1236 probabilitate
2332 1155 2395 1220 ei
2435 1171 2509 1219 se
2546 1172 2714 1220 com·

505 1276 802 1341 mendat.
845 1275 1081 1342 Merito
1120 1280 1353 1341 autem
1391 1278 1670 1343 HASPER
1697 1273 1749 1357 ²)
1789 1281 2017 1344 monet
2050 1278 2273 1360 potine
2306 1277 2460 1356 fieri
2482 1279 2716 1341 contra

503 1414 705 1462 usum
775 1414 924 1462 esse
994 1397 1406 1473 Plautinum,
1476 1405 1714 1480 utpote
1780 1379 1929 1463 cum
2000 1414 2264 1478 semper
2324 1397 2715 1463 adhibeatur

495 1520 722 1600 potine
769 1519 915 1586 sine
959 1519 1129 1598 fleri.
1178 1518 1433 1586 Ussmo
1479 1518 1655 1586 delet
1702 1521 1828 1596 hic,
1876 1520 2050 1601 quod
2098 1517 2280 1584 nullo
2329 1519 2521 1584 modo
2561 1519 2713 1583 ferri

506 1656 700 1720 posse
761 1640 1133 1714 existimat,
1195 1644 1399 1723 atque
1447 1623 1534 1705 ⁸ut}
1588 1643 1646 1706 te
1694 1641 2059 1706 modereris
2106 1639 2596 1719 interpretatur
2643 1641 2718 1703 ut

509 1763 566 1825 te
601 1777 818 1841 peras.
848 1761 1130 1828 LANGEN
1153 1761 1203 1844 ⁸)
1227 1765 1607 1827 commonet
1634 1761 1953 1826 Plautum
1979 1777 2349 1841 numquam
2374 1761 2719 1826 ‘moderari

507 1881 905 1961 coniungere
945 1900 1102 1947 cum
1139 1883 1544 1965 accusativo,
1579 1883 1696 1948 sed
1721 1899 1987 1963 semper
2012 1900 2167 1948 cum
2192 1882 2420 1948 dativo
2447 1882 2718 1948 notione

517 2002 928 2088 „massigen‚-
977 2001 1237 2082 zugeln,
1284 2003 1379 2067 im
1425 2003 1678 2068 Zaume
1724 2002 2024 2067 halten.''
2075 2002 2291 2068 Affert
2338 2003 2513 2068 Men.
2563 2003 2716 2077 443,

510 2124 691 2189 Pers.
737 2124 864 2188 296
907 2141 1024 2205 sq„
1069 2122 1203 2187 Mil.
1248 2121 1397 2203 270,
1447 2123 1640 2200 1073,
1684 2123 1878 2201 1215,
1922 2123 2160 2189 Bacch.
2203 2124 2309 2205 91,
2346 2124 2533 2189 Curc.
2569 2124 2716 2201 195,

513 2245 663 2326 486,
727 2244 946 2322 (Truc.
1013 2245 1146 2323 83).
1208 2245 1378 2323 Ergo
1443 2247 1751 2310 constare
1813 2244 2022 2310 videri
2074 2261 2278 2310 usum
2326 2244 2717 2310 Plautinum

511 2369 786 2432 tantum
829 2365 1189 2438 admittere
1236 2366 1642 2431 immodestis
1697 2401 1767 2412 -
1822 2366 2187 2432 modereris
2234 2367 2551 2432 moribus,
2601 2366 2717 2433 De·

511 2489 763 2554 siderat
791 2492 1023 2554 autem
1048 2488 1153 2554 hic
1183 2488 1286 2554 vir
1309 2487 1544 2553 doctus
1568 2489 2019 2554 necessariam
2043 2489 2487 2570 negationem,
2514 2506 2719 2570 quare

512 2629 630 2694 pro
677 2611 783 2677 hic
829 2614 886 2676 te
931 2611 1161 2677 scribit
1207 2611 1389 2677 haut.
1440 2611 1588 2678 Non
1635 2627 1795 2678 vero
1836 2611 2078 2678 iniuria
2116 2612 2297 2679 Bmx
2320 2614 2370 2692 ⁴)
2408 2629 2486 2677 eo
2523 2611 2717 2678 offen·

512 2736 714 2810 ditur,
777 2734 951 2816 quod
998 2736 1074 2798 ut
1120 2734 1284 2799 haut
1328 2734 1727 2800 adhibeatur
1774 2752 1892 2815 pro
1938 2737 2013 2800 ut
2058 2753 2156 2817 ne,
2209 2734 2403 2800 cuius
2448 2734 2711 2814 quidem

513 2858 604 2922 rei
661 2855 1044 2938 exemplum
1089 2856 1275 2921 desit.
1328 2857 1663 2921 Immutat
1706 2856 2164 2922 coniecturam
2209 2856 2717 2921 LANGENIANAM

515 2978 644 3043 sic:
723 2977 996 3061 „hocine
1066 2976 1210 3041 fieri
1270 2978 1349 3041 ut
1417 2983 1640 3050 <ne>
1706 2976 2129 3041 immodestis
2192 2976 2298 3041 hic
2361 2975 2720 3041 modereris

515 3096 879 3163 moribus.''
920 3098 1239 3163 HAsano
1279 3096 1319 3161 l.
1345 3098 1387 3161 1.
1430 3097 1813 3162 infinitivus
1842 3096 2334 3163 exclamativus
2358 3114 2491 3162 non
2514 3100 2719 3181 aptus

515 3220 804 3286 videtur.
846 3219 1133 3301 Quidni?
1173 3219 1577 3285 Dubitanter
1602 3219 1990 3299 suspicatur
2011 3221 2096 3285 ab
2120 3219 2313 3284 initio
2336 3219 2718 3285 exstitisse:

519 3342 792 3427 „hocine
838 3342 946 3421 siet
989 3341 1408 3407 immodestis
1456 3344 1535 3406 ut
1577 3341 1936 3407 modereris
1977 3342 2272 3408 moribus
2288 3342 2367 3406 ?''
2407 3341 2716 3406 Ceterum

520 3434 872 3531 1532-202
941 3464 1440 3530 retractationis
1509 3463 1802 3545 speciem
1871 3464 2183 3544 praebere
2249 3465 2310 3530 ei
2378 3462 2716 3528 videntur.

519 3587 960 3669 Quamobrem
1006 3588 1333 3651 tandem?

605 3708 740 3774 Lao
801 3708 1082 3790 denique
1106 3709 1157 3790 ⁶)
1222 3726 1336 3788 pro
1396 3708 1764 3772 modereris
1818 3706 2136 3771 Plautum
2184 3704 2529 3785 scripsisse
2575 3721 2721 3769 con-

514 3830 734 3896 tendit
782 3831 1095 3897 moderes.
1144 3830 1320 3896 Nota
1365 3834 1473 3896 est
1519 3846 1627 3895 res
1675 3828 2027 3911 antiquam
2066 3827 2366 3906 linguam
2405 3826 2717 3892 Latinam

591 4117 648 4187 1)
688 4117 910 4171 Hermes
945 4117 975 4169 8
1014 4135 1064 4187 p.
1103 4116 1224 4170 116.

587 4206 644 4275 2)
683 4202 1100 4275 Philologischer
1138 4201 1400 4273 Anzeiger
1436 4203 1503 4256 13
1539 4221 1590 4273 p.
1633 4202 1732 4256 117
1774 4204 1893 4255 adn.

590 4293 646 4361 3)
684 4290 929 4361 Beitriige
966 4308 1059 4343 zur
1095 4289 1275 4345 Kritik
1313 4287 1421 4343 und
1458 4288 1761 4360 Erkliirung
1799 4288 1891 4341 des
1929 4286 2148 4342 Plautus
2183 4306 2234 4360 p.
2274 4287 2392 4342 231.

588 4382 645 4447 4)
683 4378 836 4432 Neue
870 4375 1202 4432 Jahrbiicher
1239 4378 1342 4430 123
1379 4394 1430 4446 p.
1469 4377 1552 4430 57.

591 4468 645 4536 5)
681 4465 906 4520 Hermes
944 4466 1009 4519 18
1047 4483 1096 4535 p.
1139 4464 1257 4523 574.
