3459 5300
1580 608 1663 672 77

521 789 739 857 ἐκεῖνος
805 787 871 850 ἐκ
933 784 1273 866 χρημάτων
1337 785 1535 850 κοιϋῶν
1602 784 1716 849 ὑπὸ
1782 786 1851 850 τὸ
1912 785 2335 867 βουλευτήριον
2398 795 2473 866 τῇ
2523 787 2723 870 ἀγορᾷ

519 909 848 991 παρέβαλε
900 910 1002 973 καὶ
1053 909 1313 989 Πορκίαν
1362 911 1692 982 Βασιλικῆν
1738 908 2249 990 προσηγόρευσε”.
2275 910 2485 977 Vides
2508 928 2725 993 neque

517 1032 790 1099 Livium
834 1048 1048 1114 neque
1093 1031 1528 1097 Plutarchum
1577 1030 1791 1096 dicere
1818 1031 2016 1118 ‘illam
2068 1032 2410 1098 basilicam
2436 1032 2725 1114 primam

421 1243 427 1250 ἡ
519 1154 749 1220 fuisse.
812 1154 982 1220 Cum
1043 1154 1168 1218 hac
1228 1152 1617 1234 quaestione
1678 1152 1762 1218 de
1808 1152 2024 1233 prima
2074 1152 2347 1218 basilica
2390 1155 2535 1218 arte
2580 1170 2728 1219 con-

520 1277 752 1342 iuncta
809 1279 918 1342 est
974 1274 1104 1342 alia
1159 1274 1480 1357 quaestio,
1533 1274 1615 1362 de
1663 1274 1933 1340 nomine
1979 1273 2291 1340 basilicae
2335 1276 2405 1339 et
2452 1275 2724 1340 omnino

523 1397 602 1463 de
661 1396 1089 1464 basilicarum
1143 1397 1413 1476 origine.
1483 1396 1563 1460 In
1610 1413 1743 1477 qua
1785 1396 2257 1475 investiganda
2303 1413 2437 1462 non
2486 1395 2725 1462 miran-

523 1520 686 1585 dum
749 1522 857 1584 est
913 1517 1164 1584 multos
1207 1519 1391 1584 viros
1434 1519 1666 1584 doctos
1710 1519 2039 1598 cogitasse
2084 1518 2164 1583 de
2210 1521 2370 1584 nota
2403 1518 2525 1604 ‚illa
2570 1523 2724 1600 στοᾷ

521 1639 846 1719 βασιλείῳ,
905 1658 1075 1722 quae
1138 1641 1431 1706 Athenis
1493 1639 1642 1706 fuit.
1705 1641 1861 1722 Ipsa
1923 1640 2104 1706 enim
2161 1639 2455 1706 nominis
2502 1640 2725 1706 simili·

521 1763 684 1829 tudo
728 1762 882 1828 illuc
929 1762 1217 1828 adducit.
1259 1762 1515 1828 Verum
1561 1763 1646 1828 ab
1691 1762 1795 1846 iis,
1846 1764 1959 1844 qui
2005 1780 2146 1828 rem
2192 1763 2572 1828 accuratius
2618 1782 2727 1828 ex-

520 1885 889 1966 plorarunt,
937 1883 1120 1949 illam
1170 1883 1357 1947 στοάν
1406 1901 1670 1966 semper
1713 1882 2036 1960 βασίλειον
2083 1885 2326 1961 vocari,
2353 1902 2724 1966 numquam

523 2004 855 2082 βασιλικήν
917 2007 1350 2072 observatum
1413 2008 1541 2072 est.
1612 2005 1815 2071 Porro
1876 2005 2193 2086 quoniam
2258 2021 2471 2087 neque
2533 2007 2720 2074 στοᾶς

521 2126 844 2204 βασιλείου
909 2145 1122 2209 neque
1184 2127 1496 2192 basilicae
1549 2126 1815 2192 Porciae
1863 2131 2102 2192 notum
2148 2129 2258 2191 est
2302 2142 2473 2208 quae
2521 2124 2722 2192 fuerit

520 2249 752 2330 forma,
825 2247 1186 2313 admodum
1255 2248 1690 2314 temerarium
1754 2247 1929 2312 mihi
2000 2247 2268 2312 videtur
2326 2248 2725 2314 contendere

522 2369 706 2435 illam
751 2369 955 2435 huius
1002 2369 1387 2449 exemplum
1434 2368 1661 2434 fuisse.
1712 2369 1963 2434 Exstat
2008 2371 2238 2434 autem
2288 2367 2417 2434 alia
2461 2373 2724 2436 senten·

522 2491 639 2567 tia,
687 2509 857 2574 quae
901 2490 1173 2557 omnino
1220 2489 1575 2571 probabilis
1613 2490 1782 2555 mihi
1821 2490 2108 2573 videtur,
2138 2490 2464 2558 Gmnnnn
2487 2493 2629 2558 dico
2652 2489 2722 2578 ¹),

519 2614 633 2697 qui
681 2613 1100 2680 basilicarum
1149 2613 1471 2693 originem
1515 2613 1587 2679 in
1636 2613 1784 2700 ipsa
1831 2614 2091 2696 quaerit
2136 2615 2371 2681 Roma.
2434 2615 2583 2682 Non
2631 2617 2728 2682 in-

435 2827 444 2835 ·
519 2737 692 2803 iuria
747 2737 1064 2803 observat
1119 2752 1348 2802 vocem
1399 2736 1710 2801 basilicus
1759 2735 2141 2817 frequenter
2186 2736 2363 2818 apud
2410 2737 2725 2805 Plautum

521 2860 788 2926 obviam
838 2875 986 2924 esse
1032 2859 1518 2939 significatione
1571 2857 2044 2944 „groszartig'’,
2100 2857 2528 2945 „glanzend”.
2572 2860 2723 2926 Vid.

526 2982 706 3048 Trin.
752 2981 946 3065 1030,
988 2980 1158 3046 Rud.
1202 2980 1355 3057 431,
1397 2980 1581 3045 Pers.
1627 2980 1733 3055 29,
1776 2979 1881 3063 31,
1927 2981 2077 3061 462,
2120 2981 2271 3062 806,
2306 2981 2543 3046 Pseud.
2572 2980 2723 3063 458,

526 3104 716 3186 capt.
767 3105 921 3186 811,
969 3104 1168 3169 Poen.
1220 3103 1368 3184 577,
1419 3102 1606 3183 Epid.
1633 3104 1739 3167 56.
1791 3102 1891 3166 Ex
1918 3103 2159 3184 quibus
2183 3103 2344 3169 locis
2369 3103 2726 3170 manifesto
2820 3126 2827 3138 ·

522 3228 797 3307 apparet
844 3229 997 3291 tum
1045 3225 1368 3306 temporis
1414 3223 1595 3290 illam
1647 3242 1879 3290 vocem
1928 3224 2311 3306 frequenter
2355 3227 2425 3291 in
2473 3244 2585 3292 ore
2622 3244 2728 3307 po-

522 3345 662 3429 puli
708 3351 1050 3413 versatam
1098 3362 1266 3412 esse.
1315 3345 1572 3412 Notum
1618 3350 1851 3411 autem
1898 3350 2004 3412 est
2049 3347 2183 3412 iam
2226 3347 2526 3428 antiquis
2565 3350 2730 3413 tem-

521 3469 791 3550 poribus
852 3468 1026 3535 circa
1086 3469 1305 3534 forum
1363 3468 1744 3534 Romanum
1792 3467 2089 3549 porticus
2134 3468 2528 3535 coniunctas
2574 3486 2726 3535 cum

523 3591 821 3657 tabernis
869 3591 1236 3657 exstitisse.
1286 3589 1454 3671 Quid
1501 3606 1656 3670 ergo
1703 3589 1921 3668 magis
1969 3592 2077 3655 est
2120 3588 2481 3655 verisimile
2525 3608 2727 3672 quam

523 3731 734 3779 unam
792 3730 879 3779 ex
939 3713 1069 3779 illis
1133 3712 1517 3795 porticibus,
1580 3728 1751 3793 quae
1811 3711 1990 3775 inter
2048 3713 2305 3777 ceteras
2363 3711 2729 3777 excellebat

527 3834 1017 3916 pulchritudine
1078 3838 1280 3916 atque
1334 3834 1700 3917 splendore,
1750 3850 1791 3899 a
1838 3832 2075 3914 populo
2120 3834 2467 3915 epitheton
2522 3834 2730 3919 „basi-

526 3954 766 4023 licam”
826 3957 1208 4039 accepisse?
1276 3957 1502 4037 Atque
1547 3954 1876 4019 eiusmodi
1921 3954 2250 4036 porticum
2299 3972 2468 4036 quae
2516 3956 2727 4037 splen-

525 4076 679 4143 dore
739 4095 860 4144 suo
920 4078 1144 4144 oculos
1206 4078 1274 4143 in
1337 4094 1410 4142 se
1473 4079 1897 4143 converteret
1955 4076 2091 4141 iam
2154 4079 2306 4141 tum
2352 4076 2719 4160 exstitisse,

771 4260 914 4268 —-

592 4380 650 4449 1)
687 4377 1000 4433 Geschichtc
1038 4377 1147 4433 und
1183 4375 1550 4449 Topographie
1587 4375 1683 4430 der
1720 4374 1877 4431 Stadt
1916 4374 2055 4429 Rom
2090 4374 2165 4430 im
2202 4374 2487 4444 Altertum,
2526 4376 2638 4445 ΠΙ,
2672 4396 2723 4449 p.

525 4466 630 4521 210
665 4483 776 4538 sqq.
