3459 5300
1796 562 1927 628 140

749 744 832 809 ad
884 761 982 809 vs.
1013 743 1189 826 549);
1239 747 1393 809 tum
1433 744 1529 811 sic
1567 746 1785 826 pergit
1822 747 1905 812 ad
1944 746 2539 813 demonstrandum
2582 751 2783 815 verba
2822 767 2954 815 non

750 863 1163 930 Curculionis
1225 881 1373 930 esse
1433 883 1659 948 posse:
1730 867 1924 953 „Nun
1988 866 2081 933 ist
2135 867 2439 935 Curculio
2485 885 2602 948 gar
2649 869 2837 936 nicht
2886 870 2956 935 in

749 985 864 1050 der
922 984 1123 1064 Lage,
1186 985 1290 1051 die
1352 987 1459 1052 fiir
1517 987 1635 1052 ihn
1683 988 2101 1070 unbequeme
2146 988 2675 1070 Untersuohung
2721 991 2958 1056 weiter

748 1105 1256 1187 fortzuspinnen
1317 1108 1474 1173 oder
1534 1106 2057 1189 Consequenzen
2116 1126 2202 1173 zu
2265 1108 2519 1186 ziehen,
2577 1111 2752 1179 wohl
2798 1112 2955 1176 aber

749 1228 1151 1310 Planesium,
1220 1228 1467 1295 welche
1529 1229 1634 1294 die
1692 1232 1874 1295 erste
1936 1230 2147 1310 Frage
2211 1231 2377 1296 nach
2441 1232 2557 1297 der
2614 1233 2956 1299 Herkunft

747 1349 866 1416 des
914 1349 1166 1429 Ringes
1214 1351 1460 1416 wieder
1505 1349 1958 1416 aufnehmend
2000 1349 2129 1416 den
2170 1350 2516 1416 Parasiten
2560 1353 2953 1437 beschwort,

750 1469 877 1535 den
923 1470 1359 1552 eigentlichen
1408 1472 1709 1538 Besitzer
1751 1472 2093 1548 desselben
2132 1490 2215 1538 zu
2257 1489 2525 1538 nennen
2565 1474 2702 1539 und
2743 1474 2958 1540 damit

749 1594 868 1660 das
929 1594 1223 1677 Rathsel,
1289 1611 1428 1660 wer
1487 1595 1630 1661 ihre
1692 1594 1923 1661 Eltern
1988 1595 2189 1679 seien,
2256 1612 2340 1660 zu
2403 1596 2609 1662 losen.
2668 1597 2816 1663 Auf
2853 1598 2958 1664 ihr

751 1716 914 1799 quid
971 1713 1198 1781 nunc?
1258 1716 1518 1781 bezieht
1565 1716 1705 1782 sich
1757 1716 1935 1782 dann
1983 1715 2087 1781 die
2133 1716 2502 1796 spottische
2548 1717 2956 1801 Gegenfrage

749 1837 864 1903 des
909 1838 1214 1904 Curculio
1260 1837 1427 1905 606:
1480 1839 1644 1921 quid
1689 1856 1799 1920 690
1816 1838 1887 1903 ?”
1936 1838 2033 1903 At
2082 1854 2454 1921 numquam
2494 1840 2574 1916 is,
2610 1841 2727 1922 qui
2767 1844 2956 1922 rogat

749 1960 914 2042 quid
957 1977 1139 2025 nunc
1151 1962 1199 2035 2,
1250 1959 1448 2025 ullius
1497 1960 1912 2041 quaestionis
1949 1976 2139 2039 porro
2178 1961 2639 2041 exsequendae
2676 1963 2955 2044 cupidus

749 2084 874 2148 est.
924 2081 1158 2163 Imm0‚
1208 2082 1433 2164 potius
1478 2082 1681 2147 finem
1728 2082 1945 2147 facere
1994 2080 2163 2147 vult.
2215 2082 2500 2148 Omnino
2546 2083 2751 2162 igitur
2792 2083 2957 2165 quid

749 2206 978 2269 nunc?
1039 2208 1273 2285 aptum
1324 2206 1431 2269 est
1481 2203 1857 2269 Curculioni
1904 2203 2096 2283 eique
2140 2202 2547 2269 reddendum
2593 2207 2717 2270 est.
2769 2205 2957 2271 Post-

749 2344 951 2409 quam
991 2325 1333 2407 respondit
1372 2343 1444 2391 se
1485 2326 1691 2391 solere
1732 2342 1946 2406 nugas
1968 2341 2182 2404 agere,
2209 2329 2429 2405 rogat:
2468 2327 2660 2412 „quid
2686 2327 2953 2393 nunc?’'

751 2449 792 2514 i.
819 2465 874 2513 e.
927 2455 1130 2513 ‘nunc
1171 2448 1307 2513 iam
1354 2446 1534 2529 nihil,
1587 2446 1837 2528 opinor,
1886 2447 2108 2530 habes,
2158 2463 2361 2529 quare
2406 2465 2635 2528 rogare
2682 2465 2952 2530 pergas;

752 2587 911 2637 nam
955 2569 1266 2652 quicquid
1310 2585 1524 2648 rogas,
1573 2585 1692 2649 ego
1741 2583 1955 2647 nugas
1993 2567 2253 2646 garrio!
2294 2567 2539 2634 Nostro
2579 2569 2716 2635 loco
2756 2569 2955 2635 simil-

750 2694 953 2759 limus
1016 2695 1118 2759 est
1160 2693 1342 2759 Pers.
1391 2692 1514 2757 144
1557 2709 1651 2773 sq.
1694 2690 1821 2756 Hic
1860 2706 2118 2772 quoque
2157 2690 2699 2771 interrogationi:
2763 2691 2954 2778 „quid

752 2832 932 2882 nunc
946 2816 1025 2880 ?’'
1072 2814 1529 2882 obsecratione
1573 2812 2035 2895 respondetur.

845 2938 1097 3004 Verba:
1176 2937 1395 3024 „enim
1461 2953 1619 3001 vero
1689 2933 2003 3010 irascor‚”
2064 2933 2306 3015 quibus
2370 2934 2626 3001 codices
2686 2935 2953 3016 signum

751 3058 1040 3125 Planesii
1102 3058 1568 3139 praemittunt,
1634 3054 1979 3121 SEYFFERT
2011 3052 2057 3139 ¹)
2113 3055 2195 3120 ab
2240 3072 2319 3121 ea
2364 3055 2579 3121 aliena
2623 3072 2772 3122 esse
2818 3072 2953 3139 per·

753 3182 1008 3263 spex1t;
1059 3196 1220 3245 nam
1266 3180 1469 3245 verba
1517 3177 1866 3259 sequentia
1911 3176 2028 3264 „ad
2054 3177 2437 3245 Planesium
2476 3180 2555 3243 ut
2592 3178 2770 3244 dicat
2802 3178 2951 3243 Cur·

753 3302 946 3379 culio,
1010 3301 1189 3367 nullo
1252 3300 1464 3377 modo,
1529 3302 1608 3366 ut
1671 3300 1941 3365 videtur
2000 3298 2136 3365 fieri
2200 3302 2455 3381 potest;
2512 3315 2726 3381 neque
2772 3300 2952 3365 enim

753 3424 958 3490 etiam
1033 3423 1290 3489 mulieri
1359 3423 1534 3488 unde
1603 3419 1883 3487 anulum
1946 3419 2216 3486 haberet
2277 3420 2537 3499 roganti
2599 3420 2789 3487 dixit.
2856 3422 2953 3487 At

754 3546 1163 3612 Phaedromo
1224 3544 1414 3627 dixit,
1477 3546 1680 3625 atque
1736 3542 1890 3607 huic
1944 3541 2163 3627 „enim
2211 3557 2369 3607 vero
2413 3542 2701 3608 irascor”
2750 3544 2955 3609 verba

755 3667 1194 3734 adtribuenda
1253 3664 1483 3731 sunt.”
1544 3666 1899 3730 R1BBnox11
1958 3662 2142 3729 enim
2186 3663 2459 3744 probare
2508 3680 2761 3746 nequeo
2808 3681 2951 3730 sen·

755 3790 1064 3871 tentiam,
1109 3790 1342 3855 verba:
1394 3788 1613 3874 „enim
1655 3803 1811 3852 vero
1851 3784 2139 3851 irascor”
2180 3784 2486 3853 Planesio
2524 3785 2953 3871 vindicantis²

756 3914 909 3994 post
974 3911 1134 3977 haec
1194 3912 1428 3976 autem
1488 3906 1807 3976 nonnulla
1869 3905 2285 3972 intercidisse
2342 3906 2669 3988 putantis,
2719 3908 2961 3988 quibus

757 4031 1208 4097 Phaedromus
1246 4048 1287 4096 a
1325 4029 1620 4112 parasito
1659 4028 1998 4093 instanter
2038 4027 2353 4108 postulet,
2399 4029 2477 4092 ut
2516 4043 2752 4093 verum
2782 4028 2961 4095 dicat

757 4154 838 4219 de
898 4154 1131 4234 anulo;
1187 4153 1390 4218 verba
1436 4151 1618 4218 enim
1669 4149 1890 4236 „enim
1938 4165 2096 4216 vero
2146 4146 2434 4215 irascor'’
2484 4167 2525 4215 a
2570 4149 2962 4218 Phaedromi

834 4411 890 4481 1)
926 4408 1078 4465 Stud.
1117 4408 1288 4465 Plaut.
1327 4426 1376 4481 p.
1415 4408 1462 4463 3.
