3459 5300
1573 627 1613 689 5

491 813 788 876 Tantum
831 811 1013 875 Trin.
1058 810 1144 874 50
1184 829 1395 892 usque
1427 809 1787 889 omittitur,
1817 809 1930 875 sed
1948 813 2229 889 ‚rogatur
2252 811 2386 876 hic:
2421 812 2701 896 ‚,valen?

492 933 818 998 valuistin
836 932 914 996 ‘?”
954 936 1033 997 ut
1071 949 1284 1014 usque
1323 947 1919 1012 supervacaneum,
1960 946 2045 994 ne
2076 931 2291 996 dicam
2317 931 2697 1013 molest-um,

493 1054 798 1118 futurum
847 1055 1062 1133 esset;
1109 1057 1314 1133 atque
1359 1050 1567 1116 Stich.
1621 1051 1752 1116 586
1808 1050 2169 1136 „valuistin
2216 1051 2383 1116 bene
2399 1052 2478 1115 ‘P”
2514 1052 2702 1118 facile

496 1192 708 1256 usque
771 1176 998 1240 mente
1059 1174 1309 1254 expleri
1372 1176 1598 1254 potest
1658 1177 1929 1254 propter
1984 1171 2143 1237 illud
2191 1173 2363 1247 bene,
2412 1175 2583 1253 quod
2632 1178 2704 1239 et

499 1297 782 1377 priorem
835 1294 1290 1361 valetudinem
1336 1298 1407 1360 et
1454 1299 1881 1376 praesentem
1928 1295 2416 1376 complectitur.

590 1417 686 1482 De
734 1435 834 1482 vs.
889 1418 972 1481 16
1020 1433 1174 1496 ergo
1216 1434 1368 1481 cum
1411 1415 1702 1482 Gom-210
1741 1417 2012 1482 omnino
2047 1416 2247 1498 facio;
2287 1433 2408 1496 ego
2445 1433 2705 1498 quoque

500 1540 607 1605 hic
649 1539 1106 1604 oculissimum
1151 1538 1395 1620 requiri
1438 1538 1743 1620 arbitror,
1794 1539 1864 1601 et
1909 1537 2033 1602 hoc
2078 1540 2341 1618 recepto
2386 1536 2735 1606 vocabula.

503 1661 826 1726 nimirum
888 1660 986 1724 ita
1045 1659 1542 1741 transponenda
1588 1675 1739 1723 esse
1785 1661 1864 1723 ut
1908 1659 2151 1722 ostium
2197 1657 2317 1722 fiat
2366 1657 2703 1723 ultimum.

501 1783 683 1864 Quod
722 1786 953 1847 autem
993 1781 1243 1846 attinet
1283 1781 1368 1846 ad
1410 1798 1511 1846 VS.
1558 1780 1642 1844 15
1678 1784 1885 1861 atque
1922 1780 2004 1845 ad
2032 1796 2307 1845 versum
2349 1780 2706 1861 insertum,

498 1902 626 1996 alia
673 1902 840 1968 mihi
885 1906 993 1967 est
1033 1902 1394 1967 sententia.
1435 1900 1604 1967 Illud
1643 1904 1895 1966 amicae
1934 1918 2067 1966 non
2109 1903 2343 1982 poetae
2382 1917 2549 1978 esse,
2592 1901 2708 1965 sed

499 2025 922 2106 grammatici
983 2027 1164 2088 recte
1228 2023 1392 2088 vidit
1453 2023 1607 2104 Lno,
1673 2027 1877 2104 atque
1938 2039 2110 2101 nego
2173 2040 2273 2086 vs,
2340 2024 2419 2087 15
2466 2021 2711 2103 requiri
2822 2075 2828 2086 .,

497 2147 975 2212 oculissimum.
1033 2144 1577 2210 occlusissimum
1624 2145 1732 2209 hic
1771 2143 2044 2210 omnino
2082 2147 2316 2224 aptum
2357 2145 2484 2224 est,
2528 2160 2707 2224 prae·

499 2268 736 2334 sertim
791 2268 850 2332 si
897 2266 1388 2332 Phaedromum
1434 2266 1597 2330 illud
1645 2266 1982 2331 dicentem
2026 2265 2348 2344 fingimus
2392 2283 2547 2330 cum
2596 2264 2709 2328 ali-

498 2407 626 2470 quo
687 2388 964 2467 gemitu,
1030 2405 1243 2469 neque
1304 2388 1437 2453 ullo
1497 2387 1690 2452 modo
1754 2386 1864 2452 illa
1924 2404 2061 2453 vox
2127 2389 2341 2466 magis
2388 2387 2708 2453 convenit

500 2512 812 2576 Palinuro
873 2528 1078 2592 quam
1139 2510 1566 2585 Phaedromo,
1615 2513 1695 2574 ut
1744 2527 1875 2575 non
1924 2510 2362 2574 statuendum
2411 2510 2505 2574 sit
2551 2525 2704 2572 cum

503 2633 824 2699 Gomzm:
911 2632 1409 2719 „oculissimum
1487 2635 1680 2714 passt
1756 2631 2050 2697 namlich
2127 2631 2535 2697 vortrefflich
2611 2631 2703 2696 im

500 2755 744 2819 Mundo
792 2756 909 2819 des
956 2754 1188 2819 seinen
1228 2754 1449 2819 Herrn
1488 2754 2013 2835 verspottenden
2053 2752 2399 2817 Sclaven.'’
2438 2753 2734 2834 Optime.

497 2876 778 2941 conferri
838 2878 1065 2957 potest
1126 2876 1298 2940 Men.
1362 2876 1512 2956 698,
1577 2875 1690 2939 ubi
1752 2875 2230 2939 Menaechmus
2275 2874 2587 2939 exclusus
2634 2877 2706 2938 et

497 3016 536 3063 a
600 2996 875 3062 muliere
939 2999 1010 3061 et
1070 2996 1155 3060 ab
1201 2995 1418 3061 amica
1463 2995 1606 3077 ipse
1653 3012 1882 3061 secum
1928 2996 2266 3077 querit-ur:
2319 3013 2541 3071 „nunc
2584 3012 2704 3076 ego

497 3136 649 3184 sum
700 3117 1455 3183 exclusissimus.”

589 3239 957 3321 Astipulor‚
998 3244 1078 3305 ut
1116 3239 1432 3314 vidimus,
1472 3239 1723 3305 Lnomo
1762 3240 2181 3304 asseveranti
2217 3241 2469 3306 amicae
2492 3255 2702 3319 gram·

499 3360 729 3426 matici
787 3378 969 3441 esse3
1033 3363 1263 3425 tamen
1326 3378 1456 3426 non
1505 3361 1780 3441 probare
1828 3378 2101 3441 possum
2146 3378 2315 3442 quae
2362 3364 2704 3442 praeterea

494 3481 603 3547 hic
659 3482 765 3573 vir
809 3482 1049 3547 doctus
1095 3484 1374 3563 statuit3
1425 3482 1657 3547 scribit
1701 3482 1884 3547 enim
1930 3485 2133 3563 atque
2180 3483 2524 3548 distribuit
2570 3482 2702 3547 sic:

677 3603 817 3669 PH.
868 3604 1044 3669 Huic
1088 3621 1494 3685 proxumum
1542 3602 1700 3668 illud
1748 3604 2069 3670 ostiumst
2114 3604 2573 3670 oculissimum

677 3725 894 3801 Salve,
942 3726 1320 3791 valuistin?
1367 3726 1439 3791 P.
1489 3727 1757 3791 Ostium
1796 3725 2329 3791 occlusissimum
2371 3742 2428 3790 e.
2449 3743 2511 3806 q.
2530 3743 2583 3789 s.
2612 3722 2657 3807 ¹)

587 3847 1026 3928 Nequaquam
1073 3848 1257 3911 enim
1301 3847 1443 3912 fieri
1489 3865 1684 3928 posse
1733 3848 1899 3913 mihi
1943 3847 2225 3926 videtur,
2262 3846 2343 3911 'ut
2384 3846 2701 3912 Phaedro·

497 3985 653 4033 mus
691 3968 941 4033 ostium
981 3968 1357 4049 alloquatur
1395 3970 1552 4034 solis
1589 3968 1697 4035 his
1726 3969 1980 4034 verbis:
2015 4020 2043 4054 ‚‚
2056 3966 2261 4043 salve,
2286 3966 2700 4032 valuistin?’'

495 4089 780 4154 Omnino
819 4107 986 4170 opus
1024 4093 1131 4155 est
1169 4088 1391 4172 aliqua
1428 4090 1666 4156 blanda
1705 4090 2242 4173 compellatione3
2287 4093 2436 4154 tum
2462 4106 2703 4155 servus

495 4227 765 4291 pergere
806 4215 1029 4293 potest
1070 4230 1205 4277 non
1244 4230 1412 4277 usus
1454 4214 1792 4278 vocativo:
1845 4213 2184 4299 „caruitne
2222 4210 2425 4277 febris
2464 4215 2532 4276 te
2562 4210 2702 4275 heri

578 4473 635 4542 1)
672 4471 868 4527 Eodem
909 4472 1065 4528 modo
1102 4472 1366 4531 distribuit
1403 4474 1670 4530 SCHOELL.
