3459 5300
1554 582 1677 648 147

510 761 789 844 prolatis
834 761 1028 828 miles
1075 764 1369 844 parasito
1415 764 1768 846 colaphum
1812 763 2080 846 inflixit,
2130 762 2229 829 ita
2272 765 2354 829 ut
2399 764 2542 830 fleri
2580 781 2714 829 non

512 884 748 965 possit,
796 884 959 966 quin
1004 884 1457 950 Phaedromus
1496 883 1560 948 id
1602 873 1866 965 vide'rit,
1909 884 2220 951 arbitrari
2271 887 2477 965 queat
2536 884 2716 950 hunc

512 1003 672 1068 illud
719 1021 855 1070 non
901 1005 1480 1078 animadvertisse.
1566 1005 1573 1010 '

450 1107 457 1112 ¹
603 1123 768 1190 Post
832 1126 1018 1192 ferox
1080 1127 1318 1192 militis
1372 1143 1806 1208 responsum:
1861 1127 2053 1212 „quia
2102 1126 2268 1192 mihi
2312 1125 2715 1191 lubitumst”

513 1244 970 1313 Phaedromus
1030 1249 1117 1314 ab
1178 1249 1300 1314 hoc
1358 1265 1431 1314 se
1488 1248 1740 1314 avertit
1791 1251 1862 1313 et
1908 1246 2368 1313 Curculionem
2417 1246 2524 1311 his
2566 1245 2717 1312 allo-

512 1368 744 1449 quitur
800 1369 1055 1436 verbis:
1129 1369 1400 1456 „accede
1462 1369 1593 1435 huc
1644 1371 1746 1445 tu,
1795 1385 1915 1449 ego
1961 1368 2150 1434 illum
2197 1369 2268 1446 (i.
2315 1386 2366 1434 e.
2414 1369 2716 1448 militem)

514 1488 639 1555 tibi
708 1491 965 1566 dedam,
1036 1491 1250 1572 tace”,
1324 1491 1439 1557 sed
1508 1491 1607 1556 ita
1664 1495 1746 1555 ut
1807 1490 2002 1556 miles
2066 1507 2199 1555 non
2259 1490 2491 1555 audiat
2546 1491 2718 1573 quod

515 1612 779 1678 dicit-ur.
828 1614 1035 1679 Recte
1086 1615 1268 1680 enim
1314 1614 1616 1680 Rrssssuox
1661 1613 1903 1678 refellit
1949 1628 2067 1677 sen
2076 1612 2358 1678 tentiam
2407 1612 2718 1678 Ussmon

517 1733 1006 1800 Phaedromum
1064 1736 1350 1802 militem
1396 1736 1638 1818 alloqui
1684 1734 2059 1802 censentis:
2114 1734 2288 1820 „iam
2336 1731 2716 1814 intelligit”‚

516 1853 614 1918 ait
668 1871 861 1941 „eum
908 1857 1133 1937 potius
1172 1857 1363 1922 bonis
1401 1858 1643 1940 verbis,
1686 1874 1890 1937 quam
1933 1857 2136 1923 minis
2174 1856 2419 1938 placari
2449 1858 2715 1938 debere;

518 1976 731 2052 illum,
797 1977 1261 2044 Curculionem
1281 1999 1297 2060 ;
1360 1996 1517 2045 eum
1564 1995 1634 2046 se
1685 1980 2023 2059 promittit
2070 1980 2269 2046 militi
2313 1979 2716 2055 dediturum,

519 2114 641 2163 nec
686 2115 859 2178 esse,
906 2116 1025 2164 cur
1073 2099 1360 2182 amplius
1405 2100 1715 2166 clamet”.
1767 2100 1866 2165 At
1911 2118 2076 2165 num
2122 2099 2442 2166 clamavit
2479 2099 2720 2166 miles?

521 2219 748 2300 Atque
795 2237 958 2286 num
996 2222 1257 2304 probari
1299 2220 1430 2287 ullo
1467 2221 1661 2288 modo
1708 2225 1934 2302 potest
1975 2222 2465 2288 Phaedromum
2500 2222 2722 2288 accede

520 2341 650 2406 huc
710 2345 785 2407 tu
839 2343 1054 2408 dicere
1121 2343 1203 2408 ad
1276 2343 1579 2426 militem,
1630 2361 1919 2425 quocum
1967 2344 2159 2410 modo
2205 2344 2299 2409 sit
2341 2342 2604 2409 locutus
2650 2347 2720 2408 et

522 2480 722 2545 quem
768 2463 1157 2530 discessisse
1202 2481 1238 2529 e
1285 2463 1465 2529 nulla
1510 2481 1581 2530 re
1627 2465 1998 2547 appareat?

610 2585 991 2653 Planesium
1039 2587 1153 2653 ubi
1192 2586 1455 2652 audivit
1492 2603 1664 2668 quae
1705 2586 2159 2653 Phaedromus
2197 2586 2368 2653 dixit
2406 2585 2721 2669 parasito,

519 2712 850 2792 metuens,
895 2726 997 2789 ne,
1046 2710 1103 2775 si
1153 2708 1344 2774 miles
1389 2708 1671 2773 dedatur
1717 2708 2114 2789 Curculioni,
2163 2708 2343 2773 nulla
2385 2708 2524 2773 iam
2569 2725 2722 2790 spes

523 2832 616 2895 sit
654 2829 1015 2912 quidquam
1055 2846 1129 2895 se
1168 2830 1249 2895 de
1288 2830 1679 2910 parentibus
1702 2829 2143 2907 cognituram,
2171 2828 2454 2910 supplex
2487 2828 2726 2915 „Phae-

524 2953 770 3036 drome,
835 2953 1121 3033 obsecro,
1183 2968 1378 3017 serva
1437 2950 1589 3016 me''
1652 2949 1919 3017 clamat.
1987 2951 2168 3031 Quae
2220 2950 2422 3015 verba
2467 2950 2722 3017 codices

524 3076 691 3141 dant
741 3072 1138 3145 Curculioni,
1187 3073 1302 3139 sed
1350 3072 1643 3138 Planesii
1685 3090 1836 3139 esse
1882 3072 2224 3155 perspexit
2268 3073 2610 3138 SEYFFERT
2652 3068 2721 3151 ¹).

525 3197 782 3264 Ussmo
827 3197 1099 3278 quidem
1146 3194 1522 3261 Curculioni
1568 3210 1648 3260 ea
1694 3194 2010 3277 vindicat,
2051 3194 2166 3259 sed
2208 3196 2279 3258 et
2317 3197 2584 3273 propter
2621 3210 2722 3269 ea,

524 3338 695 3403 quae
747 3320 882 3385 iam
932 3318 1092 3394 dixi,
1138 3320 1209 3383 et
1252 3320 1521 3400 propter
1569 3316 1964 3384 Phaedromi
2011 3332 2442 3396 responsum:
2519 3318 2724 3400 „tam-

527 3460 733 3527 quam
779 3459 887 3507 me
936 3443 1008 3506 et
1047 3440 1317 3522 genium
1357 3438 1651 3521 meum”,
1691 3456 1865 3519 quae
1901 3438 2105 3505 verba
2145 3437 2502 3518 aptissima
2537 3439 2724 3512 sunt,

528 3567 588 3632 si
647 3564 955 3638 amicam,
1018 3561 1244 3626 minus
1294 3562 1525 3627 autem
1572 3559 2005 3639 conveniunt,
2058 3557 2115 3623 si
2161 3557 2531 3639 parasitum
2578 3554 2726 3622 allo·

532 3688 778 3769 quitur,
844 3683 1132 3750 Planesii
1193 3699 1343 3748 esse
1406 3681 1599 3746 illud:
1669 3680 2137 3767 „Phaedrome,
2189 3680 2477 3754 obsecro,
2527 3694 2726 3743 serva

530 3808 680 3876 me”
728 3806 1167 3874 statuendum
1216 3806 1345 3869 est.

620 4040 723 4088 vs.
772 4020 904 4087 633
951 4038 986 4086 s
1035 4067 1050 4085 .

718 4143 791 4209 C.
839 4143 939 4207 Ut
986 4037 1248 4207 iq'astidit
1282 4138 1625 4219 gloriosus.
1669 4136 1810 4201 ΤΗ.
1853 4132 2050 4200 Mitte
2087 4135 2320 4214 istum,
2361 4148 2480 4212 ego
2518 4130 2732 4196 dicam

2369 4253 2636 4331 [omniaz

532 4370 920 4380 ———-..---—-

606 4430 663 4498 1)
696 4426 733 4481 l.
770 4426 806 4481 l.
842 4442 892 4496 p.
932 4428 981 4480 3.
