3459 5300
1596 578 1683 642 89

541 758 751 825 fuisse
796 760 1064 841 spuriae
1107 761 1468 842 parabasis,
1508 780 1663 828 cum
1703 765 1937 829 contra
1975 765 2346 828 memorata
2383 763 2745 841 genuinam

543 896 695 946 eam
763 899 912 948 esse
981 883 1465 966 demonstrent,
1535 886 1659 952 hoc
1727 890 1807 952 ut
1875 902 2115 952 verum
2182 886 2276 951 sit
2344 902 2745 968 magnopere

544 1019 796 1068 vereor.
859 1004 1035 1070 Nam
1094 1007 1299 1071 ceteri
1358 1007 1484 1073 loci
1543 1007 2051 1075 commemorati
2108 1011 2230 1073 aut
2282 1007 2350 1072 in
2396 1008 2534 1073 foro
2582 1011 2747 1074 sunt

545 1128 667 1190 aut
735 1126 889 1192 inde
957 1128 1252 1210 conspici
1320 1132 1624 1211 possunt,
1696 1133 1779 1194 ut
1846 1129 2097 1194 mirum
2160 1129 2270 1204 sit,
2334 1128 2505 1208 quod
2568 1145 2747 1193 unus
2831 1196 2835 1200 ,

545 1251 816 1314 tantum
857 1250 1040 1316 locus
1088 1252 1491 1334 nominetur,
1541 1253 1620 1318 de
1668 1269 1797 1333 quo
1846 1251 2002 1317 illud
2051 1269 2184 1317 non
2233 1250 2489 1332 valeat3
2530 1268 2746 1332 neque

542 1370 786 1436 iniuria
844 1371 1155 1438 observat
1215 1373 1254 1438 J
1259 1390 1483 1439 ossnAN
1531 1369 1611 1454 ¹):
1683 1390 1925 1460 „wenn
1987 1389 2060 1438 er
2119 1389 2251 1438 von
2302 1371 2419 1438 der
2465 1372 2743 1439 Tusker·

544 1507 739 1571 gasse
777 1493 959 1558 dann
998 1495 1168 1560 noch
1207 1495 1442 1560 weiter
1481 1496 1649 1561 nach
1689 1495 1842 1561 dem
1870 1494 2207 1560 Velabrun
2244 1494 2551 1574 gelangte
2582 1494 2743 1578 (22),

547 1631 622 1679 so
690 1618 870 1680 ware
937 1616 1057 1680 das
1119 1617 1627 1698 topographisch
1711 1618 2047 1683 durchaus
2128 1617 2539 1705 begreiflich:
2620 1634 2747 1682 nur

546 1735 795 1802 freilich
877 1737 1108 1803 wiirde
1191 1738 1392 1803 leicht
1473 1739 1582 1804 die
1663 1739 1876 1819 Frage
1959 1737 2407 1818 ausgeworfen
2478 1737 2747 1804 werden

547 1858 836 1935 konnen,
890 1877 1152 1925 warum
1215 1878 1356 1926 wer
1407 1860 1653 1927 einmal
1701 1861 1823 1927 das
1869 1862 2115 1926 Foruni
2161 1860 2301 1925 und
2347 1861 2453 1926 die
2501 1860 2744 1925 unmit·

547 1981 762 2046 telbar
819 1981 1307 2048 anstoszenden
1371 1982 1633 2049 Gassen
1694 1984 2035 2051 verlassen
2104 1983 2241 2067 hat,
2306 1983 2505 2062 grade
2570 1983 2747 2048 beim

551 2103 916 2169 Velabrum
975 2103 1140 2170 Halt
1201 2106 1432 2170 mache
1493 2105 1630 2170 und
1693 2105 1882 2170 nicht
1939 2105 2109 2171 noch
2171 2105 2289 2171 das
2316 2171 2321 2176 ,
2350 2105 2571 2170 Leben
2633 2104 2755 2170 auf

549 2227 877 2292 manchen
945 2227 1235 2293 anderen
1299 2228 1486 2294 nicht
1547 2228 1807 2294 minder
1867 2227 2407 2307 merkwiirdigen
2469 2227 2747 2293 Platzen

549 2366 633 2414 zu
674 2349 1003 2415 schildern
1037 2349 1346 2431 Neigung
1384 2350 1772 2431 verspiire.”
1813 2349 1936 2415 Oui
1968 2350 2064 2415 rei
2102 2351 2162 2416 si
2192 2350 2502 2416 addimus
2533 2348 2748 2415 deleto

550 2488 651 2536 vs.
714 2470 844 2536 483
907 2488 1184 2538 versum
1247 2472 1377 2536 484
1441 2472 1692 2552 optime
1754 2471 2067 2552 explicari
2127 2489 2339 2553 posse,
2389 2470 2558 2536 satis
2601 2487 2747 2536 esse

550 2593 818 2661 videtur
885 2611 986 2661 vs.
1051 2594 1182 2660 483
1246 2594 1728 2676 interpolatum
1789 2596 2045 2675 putare.
2108 2593 2477 2660 Videamus
2547 2609 2746 2669 nunc,

550 2717 708 2798 quid
756 2716 1089 2796 significet
1136 2735 1237 2783 vs.
1289 2718 1440 2782 484.
1488 2717 1793 2783 Primum
1841 2719 2218 2799 quaeratur,
2272 2733 2434 2781 num
2480 2716 2748 2783 L11>srus

549 2842 726 2903 recte
784 2841 1050 2905 vortant
1109 2840 1478 2905 mutaverit
1534 2839 1603 2904 in
1665 2842 1961 2905 vorsant.
2012 2839 2431 2920 Quamquam
2475 2838 2747 2904 omnino

550 2976 789 3026 verum
846 2965 955 3026 est
1013 2961 1244 3026 eadem
1307 2961 1506 3027 verba
1561 2961 1825 3044 requiri,
1878 2964 2107 3026 tamen
2156 2977 2287 3026 non
2334 2960 2475 3025 fieri
2504 2963 2751 3042 ‚potest

549 3086 630 3149 ut
675 3084 885 3149 altera
932 3083 1311 3149 sententiae
1359 3086 1551 3165 parte
1598 3083 2005 3149 indicativus
2050 3084 2298 3158 exstet,
2335 3080 2544 3147 altera
2604 3099 2748 3148 con-

549 3205 930 3286 iunctivus;
996 3221 1156 3271 nam
1241 3206 1414 3287 quod
1497 3205 1676 3269 hunc
1759 3203 2055 3269 defendit
2128 3203 2263 3269 Lno
2330 3205 2748 3270 annotando:

557 3327 1066 3413 „coniunctivus
1133 3329 1216 3394 ab
1285 3327 1722 3393 antecedente
1790 3325 2193 3402 attractus''‚
2264 3324 2523 3390 nullum
2582 3327 2748 3397 81118-

551 3449 884 3515 demmodi
923 3448 1305 3531 exemplum
1345 3449 1595 3514 inveni.
1636 3448 1706 3513 Si
1747 3448 1954 3527 igitur
1992 3463 2346 3513 censemus
2370 3464 2502 3511 non
2540 3447 2751 3512 altera

550 3574 738 3652 parte
807 3573 1080 3647 vortere,
1141 3571 1351 3636 altera
1410 3588 1686 3636 vorsare
1747 3573 2015 3635 exstare
2076 3585 2293 3650 posse,
2356 3570 2476 3634 aut
2537 3568 2750 3649 priore

549 3692 686 3757 loco
770 3692 1176 3757 mutandum
1244 3694 1351 3756 8813
1420 3694 1684 3757 vorsant
1750 3694 1873 3756 aut
1942 3690 2305 3771 posteriore
2375 3690 2749 3755 vertantur.

550 3812 699 3878 Non
760 3816 990 3879 autem
1036 3814 1144 3878 hic
1188 3814 1348 3879 illud
1397 3813 1751 3880 verborum
1799 3812 2108 3878 vortendi
2155 3814 2225 3877 et
2273 3812 2585 3877 vorsandi
2630 3810 2751 3876 dis-

549 3935 801 3999 crimen
864 3952 974 4000 me
1025 3934 1304 4001 offendit
1321 3956 1337 4016 3
1387 3951 1550 4000 nam
1598 3935 1805 4000 verba
1850 3937 1920 3998 et
1965 3934 2263 4000 eiusdem
2311 3934 2542 4014 stirpis
2588 3936 2752 3998 sunt

550 4058 620 4121 et
681 4056 1037 4121 discrimen
1097 4056 1350 4122 formae
1409 4056 1771 4122 admodum
1824 4073 2111 4137 parvum
2146 4028 2284 4121 est.
2335 4055 2565 4136 Neque
2611 4056 2754 4121 veri

548 4182 731 4244 caret
771 4178 988 4260 specie
1026 4178 1198 4260 quod
1237 4179 1606 4244 arbitratur
1630 4180 1669 4244 J
1671 4196 1932 4245 oBDAN:
1976 4179 2177 4243 verbo
2209 4176 2516 4243 vortendi
2547 4175 2749 4243 alludi

620 4446 671 4508 1)
707 4442 742 4498 l.
778 4441 814 4498 l.
851 4462 902 4515 p.
940 4442 1043 4498 121
1082 4458 1159 4511 sq.
