3459 5300
1519 569 1690 672 '95

545 751 801 818 castelli
859 751 1152 816 macella.
1217 749 1602 816 Secundum
1664 749 1954 816 Tiberim
2015 750 2098 815 ad
2143 750 2416 816 Iunium
2442 749 2482 821 †
2528 752 2745 820 forum

547 872 908 955 piscarium
956 875 1236 954 vocant;
1284 872 1429 938 ideo
1474 873 1572 937 ait
1623 870 1945 938 Plautus:

1940 993 2147 1077 Apud
2180 996 2565 1077 piscarium

922 1115 1045 1180 Ubi
1087 1115 1319 1180 variae
1364 1133 1492 1180 res.
2127 1099 2133 1106 ’

549 1237 655 1303 Ad
717 1239 988 1303 corneta
1047 1236 1266 1302 forum
1329 1235 1673 1318 cupedinis
1743 1255 1784 1302 a
1851 1237 2124 1318 cupedio
2154 1237 2256 1320 1);·
2312 1238 2484 1320 quod
2554 1240 2751 1306 multi

549 1360 770 1425 forum
831 1358 1162 1440 cupidinis
1223 1375 1264 1423 a
1325 1359 1712 1439 cupiditate.
1784 1359 1968 1424 Haec
2028 1361 2255 1426 omnia
2314 1365 2752 1445 posteaquam

547 1484 892 1547 contracta
929 1482 997 1546 in
1046 1499 1258 1548 unum
1304 1482 1524 1547 locum
1569 1499 1742 1562 quae
1787 1483 1869 1547 ad
1910 1483 2169 1548 victum
2206 1477 2655 1565 pertinebant,
2680 1489 2751 1552 et

547 1602 940 1669 aedificatus
995 1580 1217 1667 locus:
1273 1602 1684 1684 appellatum
1733 1602 2103 1688 macellum,
2153 1607 2235 1670 ut
2282 1577 2550 1687 quidam
2599 1608 2751 1673 scri-

549 1726 722 1790 bunt
779 1725 951 1805 quod
998 1724 1091 1788 ibi
1137 1723 1340 1790 fuerit
1387 1727 1612 1804 ortus;
1661 1724 1775 1789 alii
1822 1725 1994 1806 quod
2042 1726 2133 1791 ibi
2180 1726 2419 1793 domus
2464 1728 2668 1793 fuerit
2699 1729 2751 1811 ²)

546 1846 703 1928 quoi
751 1861 1114 1926 cognomen
1160 1845 1290 1911 fuit
1335 1844 1670 1930 macellus
1721 1863 1890 1928 quae
1935 1847 2024 1912 ibi
2064 1848 2321 1928 publice
2359 1848 2451 1914 sit
2489 1849 2746 1916 diruta:

546 1987 583 2035 e
629 1986 761 2050 qua
806 1943 1232 2035 aedificatum
1277 1968 1400 2034 hoc
1443 1968 1617 2050 quod
1663 1972 1941 2034 vocetur
1985 1970 2070 2034 ab
2115 1987 2192 2036 eo
2238 1969 2654 2037 macellum”.

635 2093 727 2158 ad
761 2093 1096 2181 Iunium
1129 2092 1517 2172 corruptum
1579 2107 1728 2156 esse
1791 2090 1927 2154 iam
1986 2090 2100 2157 diu
2152 2091 2571 2157 intellectum
2614 2095 2743 2174 est,

545 2217 748 2296 atque
786 2214 922 2279 iam
961 2213 1193 2279 OSANN
1220 2213 1292 2296 ³),
1333 2212 1399 2276 id
1438 2213 1611 2294 quod
1652 2228 1970 2291 magnam
2008 2212 2212 2278 habet
2252 2214 2395 2278 veri
2434 2213 2743 2295 speciem,

546 2336 796 2402 statuit
843 2337 1118 2400 tantum
1163 2333 1349 2417 apud
1379 2335 1763 2417 piscarium
1801 2351 1838 2399 e
1876 2334 2115 2400 Plauto
2152 2351 2322 2411 esse,
2362 2334 2477 2400 ubi
2515 2337 2747 2402 variae

542 2475 652 2522 ‘ree
697 2460 929 2523 autem
975 2455 1322 2522 Varronis.
1370 2454 1949 2520 Verisimillimum
1988 2455 2194 2536 igitur
2231 2460 2338 2521 est
2373 2455 2744 2523 Varronem

544 2583 846 2663 spectare
895 2578 1310 2644 Curculionis
1366 2595 1661 2643 versum.
1734 2577 2107 2644 Unmonsm
2177 2595 2577 2660 persuasum
2636 2584 2745 2645 est

542 2702 896 2783 legendum
942 2718 1089 2767 esse
1135 2701 1264 2767 sic:
1321 2702 1577 2787 „forum
1623 2700 1977 2783 olitorium,
2028 2701 2151 2766 hoc
2196 2704 2343 2766 erat
2386 2701 2743 2783 antiquum

546 2825 916 2905 macellum,
982 2824 1097 2888 ubi
1159 2824 1411 2889 olerum
1461 2822 1650 2902 copia
1694 2827 1797 2898 (ea
1842 2821 1985 2887 loca
2041 2858 2102 2867 —
2166 2810 2468 2907 macella)
2516 2840 2744 2890 secun-

543 2948 704 3012 dum
742 2946 1052 3011 Tiberim.
1091 2945 1510 3009 Adiunctum
1548 2942 1769 3008 forum
1806 2942 2165 3023 piscarium
2208 2948 2455 3010 vocant
2494 2945 2742 3021 (besser

544 3067 898 3152 vocabant)
918 3088 933 3146 ;
997 3066 1142 3132 ideo
1202 3067 1301 3132 ait
1347 3066 1630 3130 Plautus
1679 3082 1745 3130 u.
1780 3083 1833 3130 s.
1861 3064 1993 3129 w.”
2042 3064 2226 3145 Quod
2274 3065 2370 3130 sic
2414 3067 2738 3146 explicat:

548 3191 758 3275 „nach
805 3190 920 3255 der
963 3187 1163 3253 Stadt
1208 3188 1324 3253 hin
1373 3189 1652 3266 granzte
1698 3185 1820 3251 das
1860 3185 2107 3251 Forum
2146 3186 2532 3267 piscarium,
2558 3187 2745 3252 nicht

453 3280 465 3293 ”
538 3311 694 3376 hart
733 3310 870 3375 und
906 3309 1366 3385 unmittelbar,
1405 3310 1583 3375 denn
1623 3326 1697 3374 es
1736 3307 1858 3374 lies
1888 3309 1992 3373 die
2018 3308 2243 3374 Mauer
2265 3310 2403 3374 und
2430 3309 2745 3375 Straszen

537 3432 978 3508 dazwiscben,
1051 3448 1185 3496 von
1255 3432 1408 3497 dem
1467 3429 1696 3496 Platze
1758 3430 2294 3511 Aequimaelium
2356 3448 2469 3497 am
2534 3430 2743 3496 Vicus

538 3555 834 3634 iugarius
901 3554 1298 3632 abgesehen,
1367 3553 1654 3618 sondern
1725 3568 1800 3616 es
1870 3568 2014 3617 was
2081 3552 2150 3616 in
2220 3551 2335 3616 der
2403 3551 2743 3633 Richtung

538 3691 744 3756 gegen
805 3676 926 3741 das
982 3675 1230 3741 Forum
1295 3673 1703 3739 benachbart
1708 3718 1951 3737 ......
2014 3673 2259 3738 Hinter
2306 3673 2433 3737 den
2480 3675 2745 3754 septem

540 3799 857 3864 tabernae
929 3798 1156 3863 vorbei
1223 3798 1430 3861 stiesz
1499 3795 1639 3860 also
1704 3794 1824 3859 das
1884 3793 2133 3859 Forum
2194 3792 2554 3873 piscarium
2612 3794 2742 3859 mit
2858 3864 2861 3867 ,

609 4068 672 4137 1)“
721 4068 808 4121 Sic
857 4066 1110 4122 editiones
1121 4090 1138 4132 3
1176 4065 1396 4135 fastidio
1443 4060 1679 4127 codices;
1726 4061 1761 4114 J
1763 4075 1956 4114 cumn
1993 4058 2175 4113 Herm.
2215 4058 2291 4126 ΙΙ,
2330 4060 2395 4113 89
2442 4060 2737 4131 Cuppedine.

535 4154 820 4224 Sequentia
867 4154 967 4209 hoc
1022 4152 1176 4208 modo
1213 4150 1388 4223 explet
1422 4148 1710 4203 Unmcfls:
1750 4165 1891 4217 quem
1926 4148 2147 4205 multi<s
2182 4148 2465 4201 latrociniis
2495 4149 2739 4218 insa'mem

533 4242 819 4295 damnatum
856 4259 966 4294 esse
999 4241 1226 4306 tradunt,
1262 4240 1405 4297 alii>
1439 4237 1623 4306 sorum
1658 4234 1908 4303 cupidinis
1942 4251 1977 4287 a
2013 4234 2302 4303 cupiditate.

605 4328 662 4397 2)
705 4326 950 4381 Unmcns
989 4326 1076 4383 hic
1108 4325 1294 4381 inserit
1336 4324 1465 4378 Man
1475 4324 1530 4388 ii,
1567 4319 1604 4374 J
1607 4335 1801 4375 onum
1837 4321 2060 4374 hominis.

603 4415 660 4482 3)
701 4412 852 4467 Anal-
893 4413 1010 4468 crit.
1047 4432 1097 4485 p.
1136 4414 1256 4467 186.
1304 4454 1313 4463 .
