3459 5300
1608 576 1643 637 7

705 753 875 833 Quin
917 753 1088 834 quod
1127 751 1347 833 palam
1387 756 1494 818 est
1536 753 1786 834 venale,
1830 753 1889 818 si
1929 757 2285 832 argentum
2324 758 2448 835 est,
2476 773 2683 820 emas

575 874 660 937 35
710 874 921 940 Nemo
968 874 1062 938 ire
1108 891 1514 956 quemquam
1561 873 1829 955 publica
1876 875 2179 955 prohibet,
2229 875 2371 955 via:

709 995 886 1060 Dum
933 1013 1018 1060 ne
1065 1013 1182 1076 per
1228 996 1513 1061 fundum
1561 999 1876 1077 saeptum
1922 997 2129 1061 facias
2174 997 2510 1077 semitam,

710 1116 887 1181 Dum
933 1118 1044 1181 ted
1091 1117 1437 1183 abstineas
1484 1121 1714 1198 nupta,
1766 1118 1989 1198 vidua,
2041 1119 2318 1198 virgine,

709 1238 1077 1304 Iuventute
1123 1241 1194 1304 et
1241 1239 1467 1319 pueris
1513 1236 1755 1321 liberiS,
1806 1256 1960 1303 ama
2004 1238 2160 1320 quid
2206 1239 2409 1304 lubet.

711 1360 852 1424 ΡΗ.
901 1359 1192 1424 Lenonis
1237 1361 1362 1425 hae
1409 1363 1575 1424 sunt
1622 1361 1839 1425 aedes.
1893 1361 1963 1424 P.
1993 1361 2161 1425 Male
2208 1361 2361 1425 istis
2407 1365 2673 1426 evenat.

579 1482 666 1546 40
713 1482 853 1546 PH.
903 1481 1078 1561 Qui?
1123 1481 1196 1546 P.
1246 1480 1413 1562 Quia
1459 1481 1814 1547 scelestam
1862 1483 2265 1548 servitutem
2315 1483 2643 1549 serviunt.

711 1602 851 1667 PH.
901 1603 1280 1684 Obloquere.
1329 1604 1401 1667 P.
1454 1603 1605 1669 Fiat,
1651 1604 1968 1668 maxime.
2019 1605 2156 1669 PH.
2186 1605 2412 1669 Etiam
2456 1606 2692 1670 taces?

711 1725 784 1790 P.
837 1724 1092 1805 Nempe
1140 1724 1402 1805 obloqui
1449 1742 1560 1790 me
1605 1724 1921 1791 iusseras.
1970 1725 2113 1790 PH.
2138 1725 2237 1789 At,
2285 1742 2465 1790 nuno
2510 1729 2689 1792 veto.

713 1846 841 1912 Sed
890 1845 988 1910 ita
1033 1845 1138 1910 uti
1183 1846 1405 1927 occepi
1452 1845 1701 1911 dicere:
1751 1847 1812 1910 ei
1858 1845 2257 1911 ancillulast.

715 1968 786 2033 P.
853 1968 1107 2048 Nempe
1169 1966 1325 2032 huie
1384 1967 1608 2033 lenoni
1654 1967 1769 2049 qui
1828 1967 1935 2032 hio
1988 1967 2297 2033 habitat?
2345 1968 2483 2032 PH.
2532 1969 2741 2033 Recte

2413 2093 2647 2168 [tenes.

622 2210 906 2276 Dubitat,
952 2209 1174 2275 Gon'rz
1222 2210 1302 2275 de
1349 2227 1452 2275 vs.
1504 2211 1791 2291 39—42‚
1846 2227 2040 2294 „oum
2089 2227 2411 2292 perquam
2457 2211 2739 2278 molesta

530 2332 670 2397 sint.
716 2334 871 2412 post,
917 2349 1018 2397 vs.
1069 2331 1155 2396 33
1207 2331 1391 2413 ‘quin
1435 2331 1583 2397 leno
1628 2331 1738 2397 hio
1784 2331 2065 2397 habitat?
2112 2349 2351 2397 versus
2399 2333 2485 2396 39
2534 2335 2738 2400 verba

531 2452 722 2518 haec:
767 2452 1044 2518 ‘lenonis
1081 2453 1205 2518 hae
1244 2455 1409 2518 sunt,
1446 2452 1700 2533 aedes';
1745 2452 1826 2518 of.
1869 2470 1932 2518 v.
1974 2453 2127 2517 44.”
2170 2454 2471 2518 Rmssnox
2509 2459 2736 2533 vero¹)

531 2591 664 2639 non
714 2591 814 2639 vs.
865 2572 1150 2657 39—42,
1207 2573 1350 2660 „die
1395 2573 1504 2639 fiir
1548 2575 1676 2639 den
1724 2572 2011 2639 Verlauf
2048 2574 2163 2638 des
2206 2573 2583 2656 Gespraohs
2620 2592 2735 2639 un·

530 2695 943 2760 entbehrlioh
991 2695 1158 2776 sind,
1210 2696 1494 2762 sondern
1543 2714 1643 2762 vs.
1690 2696 1980 2777 33—38‚
2020 2697 2091 2761 in
2130 2696 2344 2760 denen
2385 2696 2489 2762 die
2530 2697 2737 2762 breite

427 2877 432 2884 .
530 2816 1165 2882 schulmeisterliohe
1226 2816 1604 2882 Vorsohrift,
1664 2817 1780 2883 des
1840 2817 2199 2904 Palinurus
2260 2818 2423 2883 iiber
2485 2817 2737 2883 siohres

531 2939 666 3002 und
729 2936 1162 3016 geiahrliohes
1225 2938 1469 3003 Revier
1529 2938 1637 3003 fiir
1698 2920 2242 3006 Liebhaber‘nur
2287 2940 2407 3005 das
2452 2940 2621 3005 oben
2667 2959 2732 3006 v.

535 3060 695 3123 28—
714 3059 800 3122 32
863 3059 1109 3124 bereits
1167 3060 1336 3124 kurz
1383 3060 1696 3139 erledigte
1746 3061 1996 3126 Thema
2042 3061 2417 3141 ausfuhrt,’'
2465 3062 2736 3142 posteri-

531 3181 666 3245 oris
726 3179 1050 3260 temporis
1109 3180 1640 3246 additamentem
1703 3181 1908 3247 ducit.
1972 3183 2212 3247 Omnia
2270 3186 2503 3248 autem
2556 3186 2736 3249 recte

533 3321 604 3369 se
653 3304 894 3368 habere
942 3302 1108 3367 mihi
1155 3319 1551 3383 persuasum
1599 3306 1742 3368 est:
1792 3320 2007 3384 neque
2058 3322 2155 3370 vs.
2209 3306 2474 3370 39—42
2523 3321 2736 3385 neque

533 3426 798 3491 33—38
861 3426 1303 3492 condemnare
1363 3424 1668 3506 equidem
1724 3424 1947 3489 velim.
1996 3425 2179 3506 Quod
2226 3425 2389 3491 dicit
2437 3427 2737 3491 Rmssncx

538 3548 680 3633 „die
727 3547 936 3613 breite
981 3544 1616 3613 sohulmeisterliohe
1664 3546 2109 3622 Vorschrift‚”
2157 3545 2590 3627 aptissimum
2628 3550 2737 3611 est

532 3668 827 3735 Palinuri
888 3660 1171 3751 ingenio,
1239 3669 1353 3750 qui
1413 3671 1561 3733 tota
1608 3668 1733 3733 hac
1780 3682 1980 3733 scena
2024 3667 2195 3733 satis
2242 3684 2551 3733 severum
2601 3685 2733 3733 ma-

532 3792 819 3871 gistrum
880 3808 1144 3856 morum
1207 3807 1278 3855 se
1339 3790 1554 3869 fingit.
1621 3789 1770 3854 Non
1837 3789 2083 3854 mirum
2141 3792 2266 3872 est,
2316 3788 2489 3871 quod
2536 3790 2736 3854 Phae-

533 3912 808 3978 dromus
851 3916 1004 3993 post
1051 3912 1172 3978 hoo
1215 3912 1487 3991 longum
1534 3914 1969 3992 praeceptum
2012 3911 2324 3976 iracunde
2371 3913 2572 3992 atque
2617 3912 2733 3976 im·

534 4033 872 4115 patienter
911 4033 1154 4114 repetit
1193 4033 1366 4115 quod
1405 4033 1540 4097 iam
1576 4033 1784 4098 dixit:
1818 4032 2113 4117 „lenonis
2137 4031 2261 4097 hae
2286 4034 2449 4097 sunt
2471 4032 2732 4114 aedes'',

535 4155 578 4220 i.
628 4172 685 4220 e.
749 4155 890 4221 dixi
951 4156 1088 4220 iam
1152 4154 1273 4221 tibi
1336 4153 1620 4222 lenonen
1684 4154 1792 4218 hio
1855 4153 2191 4236 habitare;
2255 4153 2407 4221 istis
2459 4152 2733 4238 pruden-

607 4430 666 4498 1)
706 4428 737 4485 1.
777 4428 810 4482 1.
847 4445 899 4500 p.
938 4430 1022 4483 84.
