3459 5300
1840 604 1922 667 54

862 788 1196 856 Nonnulla
1241 787 1571 854 excidisse
1618 788 1798 854 inter
1844 804 1947 852 vs.
1996 785 2127 851 337
2176 789 2247 852 et
2287 787 2419 854 338
2458 789 2793 855 assentior
2832 789 2979 854 viro

770 911 982 992 docte,
1039 908 1289 975 nullam
1335 912 1569 974 autem
1614 908 1927 974 lacunam
1972 925 2121 974 esse
2169 909 2345 974 inter
2390 910 2476 975 Π.
2529 910 2589 976 2.
2641 910 2725 975 23
2772 914 2844 977 et
2891 912 2975 975 24

768 1051 969 1114 supra
1031 1032 1308 1113 probare
1371 1032 1658 1096 conatus
1705 1046 1882 1094 sum.
1953 1029 2123 1109 Ergo
2172 1047 2352 1095 nunc
2396 1031 2691 1111 primum
2738 1031 2978 1098 militis

770 1153 1189 1219 mentionem
1252 1151 1394 1218 fieri
1451 1167 1850 1233 persuasum
1892 1150 2059 1216 mihi
2104 1153 2231 1216 est.
2303 1150 2554 1216 Tamen
2604 1152 2975 1219 Snxrrnnm

771 1274 1238 1355 supplemento
1304 1273 1542 1338 textus
1603 1271 1902 1337 nondum
1964 1273 2034 1337 in
2081 1272 2421 1352 integrum
2467 1273 2779 1339 redactus
2824 1291 2975 1340 esse

772 1395 935 1462 mihi
996 1395 1283 1460 videtur.
1347 1394 1572 1460 Versu·
1632 1395 1814 1460 enim
1880 1395 2012 1459 340
2074 1393 2377 1476 Curculio
2438 1394 2637 1459 militi
2691 1395 2977 1475 roganti,

769 1503 1202 1597 quamebrem
1244 1516 1508 1580 venerit
1546 1515 1618 1580 in
1660 1513 1947 1596 Cariam,
1991 1514 2381 1595 respondet:
2430 1515 2679 1598 „animi
2704 1517 2977 1581 causa''.

771 1637 906 1702 Gur
952 1654 1183 1702 veram
1231 1654 1364 1702 non
1411 1636 1572 1702 dicit
1619 1637 1947 1701 causam?
1994 1635 2082 1700 Et
2121 1652 2239 1701 cur
2276 1653 2378 1701 vs,
2421 1637 2551 1701 342
2591 1654 2687 1718 sq.
2740 1635 2977 1702 Thera-

769 1758 1130 1840 pontigono
1175 1757 1638 1839 interroganti,
1689 1755 2233 1837 Cappadocemne
2272 1757 2555 1840 noverit,
2599 1759 2973 1840 respondet,

771 1881 965 1961 quasi
1012 1879 1175 1944 nihil
1221 1879 1304 1944 ad
1352 1865 1430 1943 se'
1471 1879 1765 1944 attineat
1806 1883 2100 1963 („annuo
2141 1877 2697 1960 visitasse”)?
2738 1878 2972 1960 Quam-

770 2019 974 2083 quam
1019 2001 1304 2066 fortasse
1349 1999 1491 2065 fieri
1539 2000 1787 2081 potuit,
1832 2002 1912 2064 ut
1957 1999 2037 2063 de
2084 2015 2243 2064 vera
2287 1999 2550 2065 itineris
2588 2017 2791 2065 causa
2828 2000 2974 2066 ideo

773 2121 1055 2188 militem
1118 2138 1251 2186 non
1313 2121 1635 2202 edoceret,
1687 2120 1846 2202 quia
1890 2120 2093 2185 huius
2140 2120 2303 2185 nihil
2347 2121 2413 2185 id
2460 2123 2645 2186 scire·
2674 2121 2967 2202 referret,

771 2248 1002 2309 tamen
1051 2240 1266 2308 multo
1310 2240 1716 2323 probabilius
1762 2258 1909 2307 esse
1957 2244 2121 2322 puto
2162 2242 2354 2307 illum
2400 2242 2466 2307 id
2512 2243 2769 2323 fecisse,
2820 2260 2970 2325 quo·

772 2367 956 2430 niam
1028 2382 1152 2431 sua
1220 2362 1744 2442 Phaedromique
1811 2363 2137 2428 interesse
2196 2363 2672 2430 arbitraretur:
2738 2363 2970 2430 Thera-

771 2486 1153 2567 pontigono,
1193 2485 1441 2564 opinor,
1485 2486 1724 2564 utpote
1754 2484 1869 2565 qui
1892 2482 2279 2549 Planesium
2303 2487 2580 2566 amaret,
2610 2485 2969 2552 diffidebat.

773 2607 954 2689 Quod
1016 2607 1088 2671 111
1147 2605 1386 2671 lacuna
1445 2621 1839 2687 expressum
1895 2605 2243 2671 exstitisse
2290 2622 2526 2673 censeo
2573 2607 2695 2673 1100
2739 2607 2968 2673 modo:

779 2728 1105 2815 „militem
1167 2728 1374 2807 illum,
1437 2726 1570 2791 scis
1616 2727 1773 2800 iam,
1823 2742 2022 2807 quem
2069 2726 2337 2807 saepius
2380 2726 2687 2792 lenonem
2732 2730 2970 2794 adeun-

775 2853 915 2915 tem
977 2848 1269 2914 vidimus
1330 2851 1401 2912 et
1462 2864 1661 2928 quem
1725 2847 2010 2913 Planesii
2066 2864 2268 2912 causa
2313 2848 2379 2912 id
2424 2851 2639 2914 facere
2687 2851 2972 2930 suspica-

774 2971 1076 3035 bamur’'.
1165 2970 1335 3051 Quin
1420 2969 1544 3034 hoc
1615 2972 2022 3052 statuamus,
2097 2968 2261 3034 nihil
2331 2970 2651 3036 nimirum
2724 2974 2969 3057 obstat,
3077 3039 3081 3043 ,

772 3092 946 3172 quod
1016 3108 1118 3156 vs.
1181 3090 1308 3158 357
1382 3090 1835 3157 Phaedromus
1898 3090 2176 3157 audiens
2236 3089 2523 3158 militem
2585 3091 2971 3159 Planesium

772 3212 1139 3287 invocasse,
1185 3213 1552 3278 exclamat:
1612 3229 1924 3299 „meosne
1971 3230 2234 3279 amores
2250 3213 2330 3277 ’δ”
2400 3214 2763 3296 Hucusque
2808 3216 2971 3291 mili·

774 3339 916 3401 tem
977 3339 1253 3402 tantum
1315 3340 1664 3418 tamquam
1727 3335 2007 3401 rivalem
2056 3336 2418 3419 metuebat,
2474 3354 2653 3401 nunc
2698 3337 2970 3404 demum

772 3458 949 3523 haud
996 3458 1268 3522 inanem
1315 3456 1502 3522 illum
1550 3473 1699 3523 esse
1727 3457 2060 3523 ‘timorem
2104 3474 2222 3539 pro
2269 3461 2451 3523 certo
2498 3459 2856 3538 cognoscit.

862 3779 962 3827 vs.
1013 3761 1143 3826 364
1193 3779 1290 3842 sq.
1340 3761 1659 3827 Narravit
1698 3762 2055 3842 parasitus,
2096 3763 2420 3843 quomodo
2458 3762 2658 3828 militi
2694 3763 2969 3829 anulum

775 3883 1170 3948 subduxerit
1231 3886 1432 3963 atque
1455 3882 1721 3968 ,deinde
1768 3898 1840 3947 se
1885 3883 2303 3963 proripuerit.
2376 3884 2549 3948 Tum
2595 3887 2971 3964 sequuntur

773 4002 967 4069 haec:

953 4184 1096 4249 PH.
1160 4182 1405 4249 Laudo.
1470 4183 1541 4250 C.
1603 4183 1921 4268 Laudat0,
1994 4186 2257 4267 quando
2324 4185 2483 4250 illud
2551 4186 2721 4267 quod
2784 4188 2973 4269 cupis

2561 4307 2875 4384 [effecero.

957 4428 1207 4493 Eamus
1254 4444 1432 4491 nunc
1479 4426 1674 4502 intre,
1723 4429 1805 4490 ut
1850 4426 2128 4493 tabellas
2174 4428 2661 4509 consignemus
