3459 5300
1355 1469 1729 1554 CAPUT
1800 1471 1953 1554 ΠΙ.

1510 1715 1802 1724 -.---

895 1910 999 1978 De
1045 1910 1379 1979 vocabulo
1428 1910 1762 1980 Plautino
1810 1930 1875 1994 q.
1926 1928 1987 1979 e.
2035 1912 2410 1980 dierectus.

649 2101 893 2164 Restat
958 2116 1158 2176 nunc,
1223 2103 1302 2164 ut
1361 2099 1679 2166 nonnulla
1732 2100 1814 2165 de
1860 2100 2030 2165 mira
2074 2099 2185 2164 illa
2230 2115 2389 2164 voce
2435 2099 2759 2164 dierectus

556 2222 628 2286 in
682 2220 977 2285 medium
1021 2221 1373 2301 proferam,
1420 2221 1527 2286 cui
1573 2219 1949 2303 quaestioni
1994 2222 2217 2285 totum
2263 2219 2385 2284 hoc
2431 2219 2754 2284 inserviet

558 2347 780 2423 caput.
843 2343 996 2408 Vox
1057 2359 1211 2422 ergo
1267 2343 1378 2409 illa
1425 2344 1493 2408 in
1541 2343 1762 2408 Plauti
1807 2343 2103 2407 textibus
2149 2341 2467 2406 tredecim
2511 2341 2754 2420 legitur

555 2463 734 2530 locis.
808 2463 1086 2530 Veteres
1155 2466 1576 2544 grammatici
1636 2464 1939 2531 vocabuli
1998 2464 2318 2543 originem
2382 2481 2423 2528 a
2484 2464 2625 2529 dies
2683 2468 2753 2528 et

559 2587 811 2667 eriyere
871 2588 1282 2667 repetebant.
1338 2587 1528 2653 Fnsr.
1583 2605 1646 2670 p.
1697 2587 1818 2654 69:
1873 2587 2241 2675 „dierectus
2286 2585 2591 2651 dicebant
2637 2602 2753 2667 per

559 2708 998 2791 antiphrasin,
1049 2707 1350 2774 volentes
1394 2709 1765 2788 significare
1811 2709 2067 2774 malum
2115 2708 2334 2773 diem''
2355 2729 2371 2788 ;
2414 2708 2581 2773 Nos.
2627 2708 2745 2771 49:

563 2829 875 2914 „dierecti
934 2829 1094 2894 dicti
1156 2830 1335 2895 cruci
1396 2831 1534 2907 fixi,
1595 2832 1789 2912 quasi
1850 2832 1935 2897 ad
1997 2830 2173 2896 diem
2234 2829 2504 2895 erecti.'’
2574 2829 2752 2910 Quae

556 2954 789 3033 etyma
852 2926 1204 3031 nugatoria
1263 2967 1412 3017 esse
1471 2951 1706 3018 elucet.
1773 2952 1919 3018 Non
1983 2969 2140 3017 vero
2203 2951 2419 3030 magis
2476 2952 2752 3031 probare

555 3088 828 3152 possum
891 3090 1122 3138 eorum
1182 3074 1477 3139 virorum
1541 3074 1883 3147 doctorum
1947 3072 2343 3155 opinionem,
2393 3072 2507 3153 qui
2565 3090 2748 3138 voca-

558 3195 786 3259 bulum
849 3195 1172 3273 originem
1235 3170 1526 3260 traxisse
1585 3198 1833 3277 putant
1876 3212 1916 3261 a
1961 3194 2285 3276 particula
2330 3194 2752 3274 inseparabili

555 3316 664 3380 dis
708 3319 781 3381 et
829 3316 1025 3381 verbo
1072 3317 1373 3397 eriyeudi
1391 3335 1404 3380 :
1448 3335 1504 3383 e.
1531 3333 1593 3396 g.
1635 3318 1812 3382 Bmx
1835 3318 1916 3382 ad
1952 3316 2130 3381 Trin.
2159 3319 2288 3383 457
2316 3317 2518 3381 habet
2556 3316 2746 3381 haec:

563 3437 924 3521 „dierectus
985 3441 1140 3515 (nur
1202 3438 1308 3503 bei
1365 3437 1488 3517 Pl.)
1536 3456 1599 3503 v.
1648 3438 1722 3503 di
1767 3440 1902 3503 und
1951 3440 2223 3520 eriyere‚
2269 3438 2443 3503 also:
2493 3439 2747 3503 ausein-

554 3556 758 3622 ander
822 3557 1205 3643 (gespannt)
1262 3560 1330 3624 in
1393 3559 1496 3625 die
1543 3560 1733 3625 Hohe
1778 3560 2126 3641 gerichtet‚
2177 3560 2343 3625 wird
2389 3558 2569 3637 eig'tl.
2617 3576 2748 3623 von

555 3676 847 3743 Sklaven
911 3684 1164 3760 gesagt,
1222 3680 1326 3745 die
1371 3698 1458 3746 an
1507 3682 1634 3746 den
1683 3681 1936 3760 Galgen
1986 3681 2263 3763 (Kreuz)
2311 3680 2750 3759 ausgerichtet

553 3800 690 3865 und
758 3818 845 3865 an
916 3802 1040 3866 den
1112 3801 1418 3867 Gliedern
1484 3802 2211 3882 auseinandergerenkt
2269 3802 2545 3867 wurden
2553 3847 2746 3866 .....

556 3921 722 3986 Dem
771 3922 1094 3987 dierectus
1141 3923 1326 3988 steht
1371 3924 1487 3989 der
1529 3925 1824 4006 furcifer
1871 3924 2065 3999 nahe,
2103 3924 2305 3989 daher
2351 3924 2443 3989 ist
2479 3924 2752 3988 dierecte

556 4043 657 4107 ire
718 4042 1020 4109 ziemlich
1083 4062 1136 4109 s,
1188 4063 1253 4109 v.
1302 4063 1360 4109 a.
1424 4048 1498 4111 iu
1560 4047 1808 4111 malam
1872 4064 2131 4110 crucem
2187 4047 2304 4128 ire,
2352 4044 2572 4110 indem
2621 4046 2749 4111 wie

557 4162 630 4228 in
689 4181 1003 4231 unserem
1069 4167 1211 4245 ‘geh
1267 4185 1422 4232 zum
1470 4168 1764 4233 Henker’
1813 4186 1876 4232 u.
1928 4186 1985 4233 a.
2035 4167 2149 4232 der
2198 4165 2366 4231 volle
2412 4166 2749 4232 wortliche

558 4284 723 4350 Sinn
774 4288 1187 4364 zurficktrat,
1237 4306 1311 4355 so
1349 4290 1505 4355 dass
1549 4290 1875 4355 dierectus
1920 4290 2087 4355 auch
2134 4306 2265 4354 von
2308 4288 2579 4363 lembus,
2616 4306 2744 4372 cor,

556 4406 686 4472 lieu
751 4412 986 4488 gesagt
1049 4409 1341 4475 wurde.''
1403 4412 1650 4477 Eadem
1709 4410 1845 4476 fere
1903 4411 2217 4491 leguntur
2277 4411 2451 4493 apud
2498 4410 2747 4477 Loium·
