3459 5300
1570 605 1654 672 59

423 839 442 858 .
503 789 712 870 credo,
778 791 858 852 ut
921 787 1035 869 qui
1091 788 1472 854 sententiae
1516 790 2040 855 concinnitatem
2090 790 2405 854 turbent:
2450 789 2570 854 aut
2614 787 2710 852 in·

502 908 937 988 terpolatione
981 911 1105 973 aut
1149 909 1408 974 lacunis
1455 908 1831 974 laborant.”

464 1033 472 1045 '
592 1029 688 1094 De
758 1030 1065 1095 versibus
1134 1031 1283 1125 qui·
1319 1031 1635 1112 leguntur
1702 1049 1913 1114 usque
1980 1033 2063 1098 ad
2129 1034 2282 1107 376,
2330 1030 2710 1113 opinionem

503 1169 725 1217 meam
765 1153 901 1217 iam
940 1153 1280 1234 proposui;
1307 1153 1839 1234 contemplemur
1863 1171 2044 1221 nunc
2067 1171 2307 1220 versus
2331 1155 2708 1234 sequentes.

505 1273 602 1338 Ut
648 1273 920 1338 initium
967 1273 1208 1339 faciam
1254 1293 1295 1340 a
1341 1292 1443 1341 vs.
1496 1275 1872 1355 377-379,
1925 1275 2007 1340 de
2043 1274 2150 1341 his
2189 1292 2323 1340 non
2362 1274 2531 1339 facio
2553 1289 2709 1338 cum

503 1396 873 1461 annnomo
916 1395 1334 1478 Lnomoque:
1384 1414 1520 1463 non
1570 1398 1735 1462 mihi
1778 1397 2094 1464 videntur
2130 1396 2397 1462 aliunde
2434 1395 2705 1476 ascripti

501 1531 668 1582 esse.
734 1516 804 1581 Si
865 1517 1224 1583 creditores
1286 1518 1492 1583 nimis
1554 1517 1820 1584 molesti
1881 1521 2103 1602 erunt,
2172 1518 2499 1599 trapezita
2561 1517 2709 1582 vult

503 1638 760 1704 solvere
807 1639 982 1721 apud
1023 1643 1418 1720 praetorem.
1463 1641 1644 1722 Quod
1667 1642 1974 1707 facturus
1998 1643 2125 1722 est,
2153 1641 2276 1706 hac
2300 1657 2371 1705 re
2394 1638 2705 1722 defendit,

504 1760 675 1841 quod
721 1761 833 1826 alii
881 1761 1243 1844 argentarii
1289 1762 1466 1827 idem
1506 1763 1783 1829 faciunt.
1832 1762 2017 1844 Quod
2055 1763 2307 1829 attinet
2344 1762 2430 1827 ad
2466 1761 2705 1825 verba:

447 1901 454 1906 ·
508 1885 626 1960 „ut
689 1883 860 1948 alius
920 1883 1127 1949 alium
1187 1885 1513 1965 poscant’'
1577 1886 1660 1950 cf.
1725 1903 1826 1951 vs.
1894 1885 2061 1951 682:
2118 1900 2392 1970 „omnes
2438 1899 2707 1948 mensas

503 2003 846 2079 transiit”‚
909 2005 1025 2071 ubi
1084 2023 1318 2072 revera
1379 2005 1557 2088 Lyco
1619 2007 1857 2074 fecisse
1917 2007 2180 2081 dicitur,
2244 2005 2418 2086 quod
2477 2005 2709 2069 nostro

500 2124 639 2191 loco
686 2123 1032 2207 plerosque
1078 2126 1493 2205 argentarios
1539 2126 1756 2193 facere
1794 2127 1976 2193 dicit.
2027 2127 2146 2191 Vs.
2191 2125 2321 2190 379
2360 2125 2538 2189 risus
2576 2139 2707 2187 mo·

504 2249 702 2313 vendi
763 2249 979 2328 gratia
1042 2249 1370 2330 scriptum
1433 2265 1582 2316 esse
1628 2253 1812 2331 puto.
1884 2249 2093 2328 Fingo
2140 2247 2323 2314 enim
2368 2245 2707 2330 Lyconem

502 2368 844 2434 hominem
906 2386 1055 2435 esse
1113 2371 1246 2435 levi
1293 2370 1689 2453 infirmaque
1736 2373 2025 2447 statura,
2074 2373 2144 2435 et
2190 2385 2397 2451 quare
2442 2368 2567 2432 hoc
2610 2383 2711 2432 ar-

505 2491 730 2572 bitrer,
778 2493 953 2557 infra
999 2493 1238 2559 dicam.
1289 2493 1471 2575 Quod
1518 2494 1575 2560 si
1614 2489 1853 2560 verum
1892 2497 2018 2571 est,
2062 2495 2121 2560 si
2159 2494 2476 2572 fingimus
2500 2490 2707 2557 talem

505 2613 844 2679 hominem
892 2614 1004 2681 illa
1053 2617 1257 2681 verba
1303 2615 1517 2683 dicere
1563 2616 2033 2682 ostendentem
2078 2631 2359 2681 manum
2384 2629 2708 2695 compres-

504 2752 672 2810 sam,
743 2753 982 2802 versus
1052 2738 1264 2804 risum
1336 2754 1603 2804 movere
1673 2741 1920 2820 potest.
1987 2737 2218 2803 Sermo
2280 2735 2570 2817 quidemr
2616 2734 2711 2800 sic

504 2857 818 2937 procedit,
861 2862 939 2923 ut
977 2858 1141 2924 dicit
1178 2857 1333 2940 Lao,
1360 2860 1474 2925 sed
1501 2877 1635 2924 non
1660 2861 1976 2923 turbatur
2003 2858 2305 2923 versibus
2328 2855 2706 2923 377—379.

500 2978 680 3059 Lyco
726 2978 872 3049 ideo
919 2996 1056 3044 non
1106 2980 1255 3045 vult
1299 2980 1590 3055 reddere,
1637 2979 1811 3062 quod
1860 2994 2127 3059 parcere
2167 2978 2336 3061 vult,
2365 2995 2452 3043 ne
2476 2976 2711 3044 veniat

501 3102 791 3182 tempus,
843 3119 972 3183 quo
1009 3103 1442 3168 esuriendum
1481 3102 1609 3181 sit;
1651 3100 1825 3183 quod
1866 3101 2265 3183 pronuntiat
2287 3118 2388 3166 vs.
2416 3102 2549 3167 380
2573 3089 2713 3181 sq.3

502 3221 708 3301 igitur
746 3223 815 3287 hi
857 3240 1096 3289 versus
1134 3227 1289 3305 apte
1328 3223 1876 3306 praecedentibus
1902 3224 2380 3288 annectuntur.
2406 3222 2707 3287 Primum

501 3343 665 3409 dicit
725 3360 797 3409 se
859 3345 1128 3411 reddere
1192 3345 1378 3428 nolle,
1447 3344 1680 3411 deinde
1725 3344 1850 3409 hoc
1892 3343 2243 3409 consilium
2289 3361 2366 3409 eo
2413 3344 2707 3411 defendit

501 3471 920 3545 argumento,
998 3468 1172 3549 quod
1242 3468 1447 3533 ceteri
1516 3465 1809 3548 plerique
1877 3467 2240 3547 argentarii
2309 3484 2444 3532 non
2512 3468 2708 3533 aliter

501 3592 740 3669 agant3
790 3592 939 3654 tum
989 3589 1343 3671 significat,
1391 3608 1509 3655 cur
1556 3589 1823 3654 reddere
1871 3588 2057 3654 nolit.

592 3709 718 3775 Sed
775 3727 859 3775 ex
905 3711 1184 3787 duobuS,
1231 3713 1344 3792 qui
1394 3729 1575 3777 nunc
1621 3714 2015 3791 sequuntur,
2069 3712 2375 3776 versibus
2424 3711 2554 3777 382
2606 3729 2705 3793 sq.

501 3830 755 3896 nemini
813 3832 1029 3897 adhuc
1078 3850 1313 3898 sanam
1362 3833 1775 3898 sententiam
1821 3848 2210 3911 expromere
2257 3832 2574 3914 contigit;
2623 3851 2707 3899 ne

503 3951 826 4018 Ussmfflo
887 3953 1176 4033 quidem,
1226 3954 1339 4033 qui
1385 3952 1516 4017 leni
1561 3952 1813 4017 iterum
1858 3953 2241 4019 coniectura
2286 3956 2558 4020 textum
2606 3972 2705 4020 sa-

502 4090 671 4137 num
717 4073 1079 4139 reddidisse
1128 4074 1253 4139 sibi
1302 4074 1496 4139 visus
1543 4078 1682 4153 est;
1732 4090 1849 4153 pro
1895 4092 2082 4139 nuno
2126 4075 2368 4140 suadet
2414 4079 2493 4140 ut
2538 4076 2705 4156 lega-

502 4197 617 4259 tur
661 4214 760 4259 ne.
833 4196 1168 4281 „Lyconi”
1215 4196 1314 4260 ait
1366 4212 1600 4294 „servo
1646 4212 1814 4276 opus
1860 4198 2000 4275 est;
2051 4212 2206 4261 eum
2253 4213 2473 4262 emere
2520 4199 2706 4281 cupit

503 4316 838 4396 praesenti
885 4290 1186 4398 pecunia,
1237 4333 1322 4381 ne
1369 4316 1428 4382 si
1475 4334 1754 4382 usuram
1802 4317 2015 4383 solam
2062 4318 2209 4383 eius
2247 4317 2489 4385 habeat
2528 4337 2703 4399 mag-

504 4453 721 4516 noque
784 4440 996 4518 pretio
1059 4438 1404 4518 conducat,
1469 4438 1678 4520 pluris
1741 4438 1867 4503 sibi
1912 4442 2052 4504 stet
2096 4456 2301 4521 quam
2350 4442 2407 4506 si
2452 4442 2703 4507 emat'’.
