3459 5300
1795 563 1928 628 158

850 734 1018 816 Quid
1079 741 1309 805 autem
1365 740 1691 809 faciamus
1741 761 1942 810 versu
1991 745 2119 810 681
2141 745 2176 808 Ῥ
2224 744 2434 810 Multa
2482 760 2751 810 monere
2795 744 2963 809 mihi

763 855 1079 924 videntur
1138 876 1411 927 versum
1472 866 1779 945 spurium
1829 845 1996 932 esse.
2043 867 2365 949 Primum,
2415 867 2474 932 si
2521 869 2699 931 recte
2745 866 2963 948 dispu-

765 977 912 1042 tavi
970 978 1051 1044 de
1114 998 1315 1047 versu
1374 983 1816 1070 praecedenti,
1883 987 2188 1068 sequitur
2239 987 2610 1053 secundum
2653 987 2963 1052 lenonem

765 1100 937 1164 male
980 1103 1241 1170 credere
1279 1122 1460 1171 esse:
1504 1107 1604 1172 ita
1641 1108 1922 1184 credere,
1965 1113 2044 1174 ut
2081 1108 2409 1174 creditum
2449 1125 2584 1173 non
2625 1107 2961 1174 reddatur.

764 1217 942 1287 Nam
1010 1226 1181 1306 quod
1250 1228 1538 1310 explicat
1606 1219 2000 1296 LAMBmus:
2071 1233 2189 1313 qui
2254 1231 2667 1311 cementariis
2734 1229 2962 1309 credit,

756 1359 1053 1424 prorsus
1102 1349 1353 1429 perdit,
1416 1367 1652 1416 verum
1714 1367 1864 1416 esse
1920 1369 2054 1418 non
2099 1354 2356 1433 potest3
2404 1369 2542 1417 non
2588 1351 2772 1416 enim
2813 1349 2964 1416 leno

768 1464 1096 1531 creditum
1138 1469 1441 1550 perdidit,
1483 1471 1597 1537 sed
1636 1472 2076 1554 recuperavit.
2119 1472 2266 1538 Non
2302 1472 2511 1552 igitur
2547 1471 2676 1537 dici
2705 1473 2964 1553 potest:

778 1608 949 1678 „non
1004 1589 1179 1655 male
1222 1591 1515 1657 creditur
1561 1594 1675 1674 qui
1721 1611 2092 1675 numquam
2137 1594 2446 1670 reddunt,
2493 1594 2608 1660 sed
2656 1611 2966 1675 prorsum

767 1705 1004 1795 perit'’.
1067 1714 1177 1778 An
1240 1713 1523 1780 fortasse
1581 1731 1697 1795 pro
1751 1732 1885 1780 non
1925 1732 2079 1781 cum
2127 1715 2180 1780 Ε
2228 1713 2581 1796 legendum
2627 1719 2736 1780 est
2779 1731 2968 1792 nam,

768 1835 940 1916 quod
1002 1834 1163 1900 facit
1224 1835 1481 1901 Ussme
1498 1835 1533 1899 *Ρ
1602 1837 1697 1901 At
1769 1837 1865 1902 sic
1911 1855 2046 1903 non
2093 1840 2272 1903 recte
2318 1837 2615 1918 procedit
2660 1834 2974 1901 enuncia-

772 1958 943 2030 tum,
990 1954 1125 2020 nisi
1171 1973 1289 2037 pro
1334 1956 1449 2021 ced
1491 1957 1737 2035 legitur
1775 1959 1939 2038 quia
1975 1957 2082 2025 vel
2120 1957 2447 2024 eiusmodi
2483 1957 2761 2038 aliquid;
2811 1975 2974 2022 nam

772 2077 955 2142 nulla
992 2077 1130 2142 iam
1166 2078 1494 2158 oppositio
1535 2080 1768 2144 exstat
1802 2079 1982 2145 inter
2019 2080 2187 2145 duas
2225 2080 2372 2145 eius
2412 2083 2659 2160 partes.
2702 2079 2973 2154 Deinde,

776 2198 834 2263 si
894 2199 1042 2264 leno
1101 2199 1525 2280 significaret,
1590 2200 1748 2280 quid
1804 2201 2204 2281 intelligeret
2249 2202 2419 2266 male
2463 2201 2665 2276 credi,
2708 2217 2976 2281 exspec-

776 2322 960 2386 tares
1004 2320 1207 2386 etiam
1250 2338 1407 2386 eum
1446 2321 1676 2404 dicere,
1719 2323 2047 2402 quomodo
2088 2323 2240 2389 bene
2280 2323 2462 2388 credi
2497 2322 2704 2403 accipi
2741 2319 2973 2387 vellet:

778 2442 941 2507 talia
1008 2441 1177 2508 fere:
1242 2442 1532 2507 ‘etiamsi
1594 2443 1922 2508 creditum
1981 2443 2299 2526 redditur,
2364 2461 2448 2509 ne
2511 2447 2662 2508 tum
2707 2442 2978 2522 quidem

779 2563 907 2628 dici
954 2565 1177 2644 potest
1225 2564 1388 2628 bene
1435 2564 1640 2640 credi;
1692 2582 1852 2629 nam
1900 2582 2030 2630 non
2077 2582 2285 2646 parvo
2330 2564 2596 2644 negotio
2640 2579 2978 2644 recupera-

779 2684 935 2751 tur'.
999 2686 1345 2751 Postremo
1405 2690 1559 2767 post
1618 2703 1721 2752 vs.
1787 2688 1917 2751 680
1972 2688 2209 2753 statim
2257 2687 2516 2768 requiro
2564 2685 2979 2751 mentionem

780 2808 927 2874 eius
989 2808 1103 2890 rei,
1160 2824 1360 2888 quam
1408 2807 1557 2873 leno
1602 2812 1922 2888 expertus
1969 2812 2095 2873 est.
2147 2809 2266 2873 Vs.
2316 2808 2444 2872 681
2496 2807 2834 2872 disturbat
2878 2822 2980 2883 ea,

778 2946 948 3011 quae
993 2930 1367 2995 cohaerent.
1432 2928 1576 3005 Sat,
1622 2930 1874 3009 opinor,
1921 2947 2293 3009 causarum,
2345 2946 2464 2993 cur
2511 2943 2783 2993 versum
2832 2945 2984 3008 spu-

784 3052 962 3116 rium
1000 3067 1145 3116 esse
1181 3028 1592 3115 statuamus.
1632 3051 1979 3117 Emblema
2010 3052 2310 3117 eiusdem
2349 3051 2613 3131 generis
2648 3053 2758 3117 est
2778 3053 2982 3130 atque

782 3172 954 3253 quod
1003 3171 1327 3237 indicavit
1373 3171 1509 3237 Lno
1558 3172 1737 3238 Trin.
1791 3174 1964 3238 1130
2012 3191 2110 3255 sq.

872 3293 1055 3374 Quod
1118 3291 1339 3358 Gonrz
1394 3296 1554 3359 ante
1601 3312 1703 3359 vs.
1755 3297 1881 3361 681
1933 3294 2252 3362 nonnulla
2296 3295 2710 3362 intercidisse
2755 3295 2974 3375 putat,

781 3414 969 3479 velut
1012 3413 1208 3478 haec:
1280 3413 1441 3498 „Qui
1484 3419 1883 3483 cunctanter
1926 3417 2211 3483 reddunt
2255 3416 2386 3482 illis
2432 3416 2605 3483 male
2643 3431 2762 3495 ego
2799 3413 2976 3479 credi

782 3534 1191 3616 existumo”,
1250 3535 1359 3601 his
1420 3536 1696 3603 insertis
1756 3537 1936 3604 locus
1996 3557 2129 3604 non
2191 3540 2493 3604 sanatur.
2565 3537 2737 3602 Nam
2799 3536 2977 3617 Lyco

780 3655 1139 3722 admodum
1182 3659 1577 3722 cunctanter
1623 3658 1930 3725 reddidit.
1967 3661 2139 3739 Ergo
2178 3661 2337 3725 hinc
2373 3659 2798 3727 efficiendum
2837 3660 2983 3723 erat

780 3777 1180 3859 argentariis
1225 3779 1444 3845 male
1490 3780 1692 3857 credi,
1743 3799 1877 3848 non
1923 3786 2007 3847 et
2051 3784 2270 3848 bene
2315 3786 2402 3848 et
2449 3782 2694 3849 male.

875 4039 979 4088 vs.
1029 4023 1160 4087 693
1207 4040 1348 4104 sqq.

920 4208 927 4215 .
961 4145 1100 4211 PH.
1129 4145 1383 4210 Collum
1415 4144 1774 4229 obstringe,
1801 4147 2049 4214 abduce
2081 4147 2295 4212 istum
2319 4146 2391 4211 in
2417 4146 2665 4212 malam
2691 4162 2983 4213 crucem.

960 4265 1102 4331 ΤΗ.
1136 4264 1460 4346 Quidquid
1492 4268 1620 4341 est,
1646 4266 1789 4347 ipse
1814 4266 1938 4332 ibit
1961 4268 2208 4349 potius.
2239 4266 2380 4332 CA.
2406 4266 2534 4332 Pro
2558 4266 2758 4331 deum
2780 4269 2983 4346 atque

2186 4450 2198 4461 ,
2249 4388 2622 4468 [hominum
2667 4387 2884 4471 fidem,
