3459 5300
1786 536 1911 603 146

753 714 1064 796 quamvis
1119 733 1248 782 non
1309 716 1568 797 ignoret
1627 718 2084 786 Curculionem
2137 721 2416 787 liberum
2466 736 2635 796 esse,
2683 719 2781 784 ira
2827 719 2945 784 im-

752 835 986 918 pulsus
1047 837 1299 904 inimici
1350 838 1650 906 laedendi
1696 842 1912 922 gratia
1956 842 2430 911 contumeliose
2476 842 2720 908 dicere:
2780 856 2950 926 „ser-

753 977 911 1026 vom
955 961 1286 1029 antestari
1301 962 1432 1027 ‘?'’?
2278 969 2284 982 '

842 1082 920 1148 In
959 1081 1478 1165 interpretandis
1519 1084 1774 1150 verbis:
1825 1103 1961 1172 „em
2002 1088 2077 1150 ut
2110 1088 2285 1152 scias
2324 1104 2426 1153 me
2454 1087 2735 1152 liberum
2766 1082 2945 1150 easd'

752 1220 970 1269 errare
1018 1204 1440 1271 RmBmeM
1487 1206 1752 1287 opinor;
1802 1224 1937 1272 non
1984 1207 2181 1292 enim·
2204 1207 2538 1272 assentior
2573 1206 2718 1271 viro
2756 1206 2947 1271 docto

751 1324 879 1392 illis
917 1327 1138 1392 verbis
1175 1327 1638 1395 Curculionem
1677 1328 2060 1395 adversario
2098 1329 2357 1411 alapam
2385 1328 2699 1408 infligere.
2739 1329 2946 1392 Recte

752 1445 1040 1528 explicat
1102 1447 1394 1515 Ussmo:
1477 1448 1820 1535 „Curculio
1881 1467 2113 1516 aurem
2180 1450 2587 1515 Phaedromo
2649 1447 2943 1529 porrigit,

750 1570 820 1634 et
881 1567 1168 1634 militem
1229 1573 1530 1650 spectare
1593 1572 1803 1647 iubet,
1863 1588 1991 1653 quo
2054 1571 2249 1637 modo
2295 1587 2366 1636 se
2410 1569 2790 1636 adolescens
2834 1587 2945 1636 an-

750 1692 1059 1775 testetur‚
1109 1694 1189 1756 ut
1236 1692 1406 1757 sciat
1451 1708 1524 1756 se
1567 1690 1852 1757 liberum
1898 1690 2114 1757 esse'’.

843 1811 1099 1878 Verba:
1157 1827 1347 1898 „ergo
1390 1811 1660 1880 ambula
1707 1813 1776 1878 in
1825 1811 1998 1894 ius'’,
2042 1828 2211 1894 quae
2249 1813 2548 1878 ΒΙΒΒΕΟΚ
2587 1812 2703 1877 dat
2745 1811 2944 1876 Phae-

748 1932 1001 2009 dromo,
1061 1934 1286 2015 aptius
1330 1934 1817 1999 continuantur
1861 1934 2236 1999 Curculioni
2286 1936 2551 2016 propter
2597 1932 2945 2014 sequentia

749 2071 850 2118 em
897 2054 1033 2136 tibi,
1075 2056 1316 2136 quibus
1342 2056 1961 2137 Therapontigonus
2009 2054 2358 2136 colaphum
2403 2054 2719 2136 impingit
2756 2071 2942 2135 para-

751 2175 902 2251 sito,
972 2176 1071 2241 ita
1139 2181 1217 2241 ut
1285 2177 1723 2242 statuendum
1781 2178 1874 2243 sit
1932 2177 2110 2243 hunc
2170 2194 2324 2242 eum
2386 2177 2455 2240 in
2517 2176 2624 2241 ius
2688 2193 2939 2242 vocare.

749 2295 1096 2363 Parasitus
1142 2298 1469 2364 auxilium
1508 2299 1821 2381 implorat
1868 2316 1907 2363 a
1945 2299 2204 2364 civibus
2243 2298 2575 2363 clamans:
2625 2313 2700 2382 „o
2738 2297 2938 2379 civeS,

748 2417 993 2483 cives”.
1043 2419 1229 2485 Miles
1275 2437 1450 2502 vero,
1500 2421 1695 2501 quasi
1742 2439 1861 2487 suo
1905 2422 2049 2486 iure
2088 2420 2428 2486 hominem
2469 2419 2938 2494 verberaverit,

750 2539 1132 2622 miransque
1191 2543 1359 2623 quod
1424 2544 1761 2624 parasitus
1821 2544 2030 2608 etiam
2076 2543 2360 2609 clamare
2405 2542 2669 2615 audeat,
2718 2545 2938 2620 rogat:

752 2664 948 2748 „quid
995 2662 1247 2730 clamas
1260 2666 1338 2729 ‘?”
1386 2670 1688 2748 Apparet
1725 2684 1880 2747 ergo
1920 2684 2028 2733 me
2069 2668 2346 2733 minime
2384 2683 2538 2731 cum
2576 2666 2940 2731 Rmssnomo

746 2801 1017 2852 censere
1086 2786 1356 2854 ridicule
1425 2787 1583 2854 illud
1655 2789 1870 2869 rogari
1941 2807 1982 2854 a
2049 2787 2282 2864 milite,
2350 2803 2554 2868 quare
2599 2803 2756 2851 eum
2806 2804 2939 2852 non

747 2924 984 2988 sequor
1064 2910 1268 2975 verba
1350 2910 1764 2976 tribuentem
1847 2910 2288 2976 Phaedromo:
2368 2926 2479 2993 „es
2547 2913 2727 2972 ware
2798 2925 2937 2973 nun

745 3028 1138 3094 lacherlich'’
1209 3030 1306 3095 ait
1381 3048 1623 3115 „wenn
1693 3031 2351 3113 Therapontigonua„
2406 3030 2520 3097 der
2588 3030 2705 3094 ihn
2770 3030 2937 3094 eben

746 3150 1133 3231 geschlagen
1185 3151 1321 3232 hat,
1373 3169 1542 3233 ganz
1588 3153 2013 3232 unbefangen
2060 3152 2288 3233 fragen
2336 3151 2560 3217 sollte:
2612 3150 2774 3233 quid
2818 3150 2937 3215 cla-

617 3316 622 3321 ·
745 3272 941 3337 mas?
1001 3272 1137 3338 Das
1182 3273 1276 3339 ist
1321 3273 1532 3340 Sache
1577 3275 1694 3340 des
1742 3274 2211 3356 PhaedromUS,
2260 3274 2376 3339 der
2422 3273 2608 3339 nicht
2652 3271 2937 3353 gesehen

745 3394 884 3469 hat,
951 3412 1094 3460 was
1153 3392 1486 3460 zwischen
1550 3395 1677 3461 den
1732 3396 1981 3462 Beiden
2029 3395 2423 3475 vorgefallen
2473 3396 2585 3460 ist.
2635 3394 2793 3458 Erst
2838 3392 2937 3458 als

745 3532 818 3581 er
867 3516 995 3581 den
1043 3516 1345 3582 Curculio
1393 3516 1694 3593 erblickt‚
1743 3518 1858 3583 der
1903 3517 2025 3582 auf
2063 3517 2169 3582 die
2214 3516 2392 3581 Seite
2438 3515 2744 3595 gelaufen
2791 3514 2936 3580 sein

743 3635 880 3701 und
927 3636 1158 3702 seinen
1205 3634 1520 3703 Schmerz
1566 3639 1703 3704 und
1751 3638 2013 3704 Grimm
2058 3637 2264 3703 durch
2308 3637 2549 3702 hochst
2596 3634 2937 3701 verstand-

742 3755 912 3821 liche
971 3756 1222 3823 Gesten
1283 3758 1735 3838 ausgedruckt
1796 3759 2006 3824 haben
2070 3758 2255 3838 wird,
2319 3756 2627 3822 versteht
2685 3772 2757 3821 er
2818 3772 2937 3820 um

743 3895 888 3943 was
957 3895 1030 3944 es
1097 3877 1240 3943 sich
1309 3879 1580 3945 handelt
1647 3880 1783 3946 und
1852 3880 2039 3946 stellt
2105 3880 2234 3944 den
2302 3878 2493 3944 miles
2554 3895 2673 3943 zur
2721 3877 2933 3942 Rede:

745 4000 908 4082 quid
966 4000 1083 4064 tibi
1143 4001 1350 4064 iatum
1413 4001 1667 4066 tactiost
1680 4000 1759 4064 ‘?”
1821 4000 2010 4065 Illam
2061 3998 2685 4078 interrogationem:
2739 3995 2934 4084 „quid

742 4120 1086 4185 clamas''?
1133 4120 1332 4185 militi
1381 4121 1437 4185 si
1483 4121 1927 4203 vindicamus,
1975 4120 2081 4186 vis
2119 4120 2370 4185 comica
2408 4137 2542 4185 non
2584 4120 2792 4186 deest.
2832 4120 2934 4186 Ne

741 4242 808 4306 id
854 4243 1120 4323 quidem
1165 4242 1442 4322 intelligi
1489 4245 1735 4325 potest,
1781 4241 2105 4323 quomodo
2143 4242 2461 4317 ΒῙΒΒΕΟΚ,
2503 4258 2656 4306 cum
2697 4243 2931 4308 verba:

751 4379 940 4448 „ergo
1006 4365 1274 4430 ambula
1344 4364 1411 4429 in
1480 4364 1632 4429 ius''
1695 4364 1950 4429 tribuat
2018 4362 2443 4443 PhaedromO,
2507 4363 2747 4444 quibus
2816 4363 2933 4427 vix
