3459 5300
1738 569 1863 638 108

697 747 854 814 tiae.
904 748 1000 814 cf.
1049 748 1179 815 Cic.
1230 750 1461 817 Parad.
1489 751 1608 829 VI,
1655 752 1734 818 3:
1791 753 1939 840 „M.’
1985 753 2295 822 Manilius
2333 759 2606 838 patrum
2645 761 2895 826 nostro-

696 887 848 936 rum
917 871 1238 938 memoria
1264 919 1459 939 .....
1522 891 1773 957 pauper
1840 876 2116 943 tandem
2182 877 2345 959 suit3
2419 879 2654 945 habuit
2713 880 2891 946 enim

696 993 1029 1061 aediculas
1074 995 1144 1061 in
1192 996 1472 1074 Carinis
1517 1000 1588 1064 et
1635 998 1920 1065 fundum
1966 1000 2036 1064 in
2080 999 2479 1085 Lahican0.”

788 1114 971 1195 Quod
1031 1116 1440 1184 Lesbonicus
1499 1119 1639 1198 agri
1704 1120 2193 1201 possessionem
2253 1121 2528 1189 divitias
2581 1124 2758 1206 dicit,
2809 1142 2892 1190 ne

698 1237 858 1302 illud
918 1239 1189 1319 quidem
1248 1240 1664 1306 sententiam
1724 1245 2028 1308 nostram
2079 1244 2439 1324 redarguit.
2488 1246 2777 1328 Opponit
2821 1264 2894 1312 se

697 1361 904 1426 sorori
967 1376 1129 1426 suae
1176 1359 1323 1425 sine
1370 1360 1525 1427 dote
1570 1362 1945 1439 collocatae,
1994 1366 2073 1429 ut
2119 1381 2254 1430 non
2303 1365 2551 1432 mirum
2596 1368 2690 1433 sit
2734 1368 2893 1434 divi·

698 1485 841 1547 tem
884 1498 1041 1546 eum
1088 1498 1161 1547 se
1206 1498 1441 1548 vocare
1488 1499 1647 1562 prae
1692 1483 1823 1561 illa,
1871 1502 2041 1566 quae
2087 1486 2252 1551 nihil
2297 1486 2562 1553 habeat.

786 1603 988 1669 Porro
1057 1603 1200 1670 iure
1271 1602 1659 1670 Charmides
1728 1621 1801 1670 se
1869 1622 2198 1687 opponere
2264 1610 2489 1688 potest
2548 1609 2890 1695 divitibus

696 1726 812 1807 qui
858 1725 1147 1790 avaritia
1195 1725 1496 1805 perducti
1542 1742 1804 1807 semper
1847 1724 2039 1807 plura
2084 1730 2451 1809 appetunt;
2494 1729 2636 1811 ipse
2674 1730 2895 1797 libero·

696 1865 850 1913 rum
901 1846 1118 1926 gratia
1167 1849 1357 1913 trans
1405 1864 1588 1912 mare
1634 1849 1742 1913 est
1789 1850 2050 1924 vectus
2102 1852 2181 1914 ut
2227 1866 2374 1916 rem
2418 1868 2459 1917 a
2501 1851 2634 1920 filio
2681 1854 2893 1932 profu-

674 1987 844 2035 ·sam
890 1969 1301 2034 restitueret.

788 2092 1087 2157 Tertiam
1125 2093 1299 2157 hanc
1337 2092 1585 2174 profert
1623 2090 1911 2157 LANenN
1951 2092 2347 2172 molestiam,
2372 2096 2545 2176 quod
2569 2097 2895 2164 damnare

695 2231 797 2279 vs.
847 2214 977 2278 829
1025 2217 1388 2295 usurpetur
1434 2230 1639 2278 sensu
1693 2208 2157 2299 „schadigen”,
2204 2215 2318 2295 qui
2356 2233 2597 2283 sensus
2639 2218 2709 2282 in
2747 2221 2894 2285 tota

694 2335 1069 2400 Latinitate
1132 2335 1225 2400 sit
1285 2335 1650 2400 inauditus.
1714 2335 1815 2399 At
1874 2351 1992 2400 cur
2039 2337 2427 2403 statuamus
2473 2355 2745 2405 necesse
2790 2343 2898 2405 est

695 2456 853 2522 illud
915 2458 1198 2522 verbum
1257 2457 1364 2521 hic
1423 2455 1535 2521 illa
1583 2457 1855 2522 notione
1902 2456 2249 2522 adhiberi?
2297 2459 2430 2524 Cur
2475 2477 2610 2525 non
2656 2460 2897 2528 habere

694 2582 920 2661 potest
983 2577 1324 2659 vulgarem
1385 2578 1729 2643 notionem
1783 2585 2081 2662 eamque,
2132 2596 2336 2660 quam
2383 2581 2619 2663 (etiam
2669 2601 2899 2649 secun:

695 2702 856 2767 dum
899 2701 1308 2782 LANenn-mr)
1330 2700 1536 2765 habet
1581 2697 1787 2765 Lucil.
1833 2700 1973 2765 Sat.
2001 2700 2105 2764 XI
2129 2701 2257 2785 (vs,
2287 2704 2372 2765 22
2397 2703 2549 2788 M.):
2597 2705 2895 2789 „Cassiu'

694 2825 894 2891 Caius
940 2823 1046 2889 hic
1091 2822 1447 2906 operarius,
1500 2839 1699 2903 quem
1750 2820 2190 2903 Cephalonem
2235 2825 2505 2890 dicimu’
2569 2830 2894 2893 sectorem

693 2947 1056 3027 furemque,
1111 2945 1293 3011 hunc
1350 2944 1626 3027 Tullius²
1676 2944 1972 3025 inquam,
2019 2944 2219 3011 index
2265 2946 2574 3013 heredem
2618 2949 2780 3014 facit
2824 2953 2896 3015 et

694 3068 997 3135 damnati
1048 3065 1161 3133 alii
1205 3065 1535 3132 omnesm?
1581 3064 1766 3145 Quod
1814 3067 1996 3131 recte
2042 3065 2527 3147 interpretatur
2572 3069 2890 3136 LAuonN:

703 3189 950 3278 „durch
984 3188 1136 3270 =den
1198 3188 1592 3268 Ausspruch
1654 3187 1773 3251 des
1835 3186 2267 3253 Testaments
2313 3191 2704 3274 verworfen,
2755 3208 2894 3256 ver·

693 3310 974 3378 urtheilt
1039 3327 1160 3376 zur
1228 3309 1467 3385 Strafe‚
1533 3308 1758 3374 nichts
1819 3324 1903 3373 zu
1968 3307 2333 3375 erhalten''.
2395 3310 2640 3377 Eodem
2701 3312 2892 3378 modo

694 3432 1011 3498 damnare
1094 3430 1337 3497 dicitur
1402 3431 1797 3511 Neptunus:
1869 3429 2272 3511 pauperibus
2341 3432 2575 3512 parcit,
2648 3433 2892 3499 divites

692 3556 923 3621 autem
984 3553 1267 3619 damnat
1325 3555 1404 3619 ut
1461 3553 1821 3618 domentur
1874 3551 2233 3630 (damnare
2278 3556 2472 3635 atque
2515 3554 2788 3620 domare
2833 3544 2892 3617 ἓν

695 3674 795 3738 διὰ
842 3672 1049 3759 δυοῖν).
2243 3677 2251 3682 ’

796 3795 1189 3878 „Viertens”
1253 3795 1351 3862 ait
1411 3796 1515 3862 vir
1576 3794 1815 3861 doctus
1879 3795 2012 3878 „ist
2075 3794 2178 3860 die
2238 3796 2651 3863 contrahirte
2699 3798 2897 3864 Form

700 3926 864 3982 [θῆκε
913 3937 1097 3986 zwar
1141 3919 1350 3985 durch
1392 3915 1799 3998 Analogieen
1845 3917 1949 3982 bei
1990 3916 2276 3983 Plautus
2320 3920 2693 4002 geschutzt,
2744 3920 2901 3985 aber

696 4066 764 4102 ms.
832 4042 1133 4108 verdient
1194 4041 1361 4107 doch
1423 4040 1529 4105 die
1601 4038 1978 4104 Thatsache
2039 4040 2401 4132 constati1t
2464 4058 2547 4106 zu
2613 4041 2892 4126 werden,

696 4170 848 4226 &21:⁴5
889 4164 1029 4230 sich
1072 4166 1263 4229 sonst
1300 4162 1497 4228 keine
1537 4160 1795 4228 sichero
1820 4159 2021 4225 Stelle
2058 4160 2172 4225 der
2199 4161 2642 4258 Contraktion
2682 4162 2898 4228 dieses

708 4290 796 4346 m
816 4286 1044 4358 jectivs
1107 4284 1212 4349 bei
1273 4283 1556 4349 Plautus
1618 4282 1845 4363 findet,
1913 4282 2028 4346 der
2082 4282 2246 4347 doch
2292 4282 2413 4349 das
2462 4283 2660 4349 Wort
2707 4282 2895 4347 nicht

696 4414 903 4470 .-÷..·11÷·=1
972 4402 1404 4485 gebraucht.”
1474 4404 1572 4469 At
1641 4402 2040 4483 respondeo:
2102 4403 2317 4470 forma
2377 4407 2723 4470 contracta
2782 4402 2902 4466 hic.
