3459 5300
1542 552 1718 654 31⁴

486 771 580 836 cf.
623 770 805 836 Trin.
848 773 975 837 404
1020 789 1141 853 sq„
1183 771 1293 836 ubi
1334 787 1572 836 servus
1610 771 1679 835 in
1722 770 2049 836 reddenda
2089 771 2345 836 ratione
2386 774 2687 853 pecunia-

485 912 638 959 rum
715 909 1166 976 expensarum
1235 909 1345 957 ero
1413 891 1710 970 roganti:
1790 894 2022 976 „estne
2090 892 2212 958 hoc
2280 893 2452 973 quod
2522 895 2687 971 dicO‚

485 1015 776 1082 Statime
788 1015 865 1080 ‘?”
909 1014 1292 1096 respondet:
1336 1030 1579 1098 „quom
1611 1014 1974 1096 considero,
2000 1014 2387 1080 meminisse
2412 1015 2687 1081 videor

486 1135 696 1202 fieri.'’
743 1136 855 1202 An
901 1139 1129 1202 nostro
1176 1134 1313 1200 loco
1358 1135 1657 1201 redditur
1701 1133 2032 1201 Graecum
2080 1133 2257 1211 ἔδοξα.
2305 1133 2529 1211 δόξαιῖ

581 1399 683 1446 vs.
735 1380 862 1444 263
911 1379 1050 1462 sqq'.
1109 1379 1272 1445 Post
1319 1382 1668 1445 narratum
1715 1348 2074 1464 somnium,
2126 1381 2185 1446 si
2232 1379 2413 1445 libris
2460 1398 2687 1446 manu·

490 1503 758 1582 scriptis
803 1503 966 1568 fides
1006 1506 1113 1568 est
1152 1503 1473 1577 habenda,
1520 1502 1683 1567 haec
1727 1501 2085 1585 respondet
2131 1519 2413 1585 coquus:

1301 1625 1476 1689 Item
1523 1622 1686 1690 alios
1732 1623 1889 1689 deos
1934 1625 2227 1690 facturos
2272 1624 2560 1689 scilicet:

757 1745 932 1812 Sane
974 1746 1068 1812 illi
1114 1745 1292 1811 inter
1339 1762 1410 1810 se
1457 1748 1827 1824 congruont
1872 1745 2299 1810 concorditer.

756 1867 936 1933 Nihil
973 1871 1089 1933 *est
1136 1866 1536 1942 mirandum,
1589 1867 1827 1931 melius
1874 1867 1933 1931 si
1981 1867 2073 1930 nil
2119 1867 2197 1932 fit
2242 1867 2387 1942 tibi,

760 1987 1063 2070 Namque
1109 1989 1422 2053 incubare
1468 1988 1688 2052 satius
1733 1990 1803 2052 te
1847 1988 2068 2054 fuerat
2111 1987 2273 2071 Iovi,

747 2109 873 2190 Qui
919 2110 1044 2175 tibi
1089 2109 1335 2174 auxilio
1379 2110 1447 2173 in
1493 2109 1636 2173 iure
1679 2109 1957 2175 iurando
2004 2110 2153 2174 fuit.

575 2231 682 2294 Ad
731 2249 901 2312 quae
956 2232 1141 2296 leno:

613 2341 618 2346 ’
753 2352 1094 2435 Siquidem
1140 2352 1452 2418 incubare
1499 2352 1711 2416 velint
1757 2353 1874 2432 qui
1921 2351 2429 2432 periuraverint‚

755 2473 972 2539 Locus
1020 2492 1151 2539 non
1200 2475 1500 2555 praeberi
1546 2475 1722 2555 potis
1770 2476 1878 2538 est
1924 2472 1992 2537 in
2041 2472 2384 2554 Capitolio.

571 2597 670 2661 At
714 2596 828 2678 qui
874 2612 1126 2677 coquus
1172 2596 1467 2677 primum
1505 2595 1719 2661 dicere
1758 2597 1985 2676 potest
2022 2597 2276 2660 ceteros
2318 2595 2474 2661 deos
2512 2597 2676 2664 item

480 2718 775 2782 facturos
821 2733 968 2782 esse
1015 2717 1185 2798 quod
1237 2718 1730 2799 Aesculapium,
1761 2715 2031 2798 illosque
2078 2716 2257 2782 inter
2304 2734 2377 2783 se
2424 2736 2679 2785 concor-

482 2837 655 2901 diter
698 2854 1074 2918 congruere,
1127 2842 1278 2903 tum
1323 2840 1555 2903 autem
1598 2837 1906 2902 lenonem
1955 2838 2023 2901 in
2074 2838 2254 2903 Iovis
2299 2838 2545 2920 templo
2585 2840 2679 2904 in-

481 2960 722 3024 cubare
783 2960 1178 3042 oportuisse,
1239 2960 1412 3040 quod
1473 2975 1559 3023 ne
1618 2959 1740 3023 hoc
1796 2958 2065 3040 quidem
2127 2960 2483 3040 quicquam
2540 2978 2679 3042 pro·

481 3080 746 3155 fuisset,
808 3080 1126 3161 quoniam
1182 3080 1478 3162 Iuppiter
1538 3097 1694 3145 cum
1756 3080 1994 3145 ceteris
2056 3081 2183 3146 diis
2236 3084 2680 3160 congrueret?

481 3201 629 3267 Non
692 3201 899 3280 igitur
957 3202 1223 3266 credere
1281 3218 1558 3282 possum
1618 3201 1842 3277 verba,
1906 3218 2075 3281 quae
2124 3201 2271 3265 libri
2316 3218 2521 3283 coquo
2570 3203 2685 3268 tri-

369 3366 372 3371 -
475 3324 716 3397 bunut,
778 3322 1006 3388 omnia
1065 3322 1210 3387 eius
1271 3339 1418 3387 esse
1437 3343 1453 3402 ;
1502 3322 1668 3387 duos
1714 3322 1967 3411 priores
2015 3338 2287 3387 versus:
2343 3323 2545 3408 „item
2607 3360 2669 3371 —

476 3446 928 3511 concorditer”
991 3444 1305 3515 Palinuro
1367 3443 1582 3525 reddo,
1648 3462 1848 3526 quem
1907 3444 2075 3509 duas
2119 3446 2200 3509 ob
2258 3462 2499 3511 causas
2544 3464 2677 3511 non
2720 3480 2723 3483 ⁴

477 3568 568 3633 de.
597 3583 836 3633 scaena
876 3566 1122 3632 abiisse
1161 3566 1464 3646 arbitror,
1491 3582 1775 3647 quarum
1813 3565 2099 3630 alteram
2137 3581 2314 3630 nunc
2354 3566 2675 3641 indicabo,

479 3688 759 3754 alteram
820 3688 1009 3754 infra.
1072 3688 1193 3754 Vs.
1255 3688 1384 3752 258
1429 3688 1579 3753 leno
1627 3686 2015 3752 Palinurum
2064 3704 2270 3768 coquo
2316 3688 2676 3769 obsequen·

481 3815 623 3875 tem
683 3810 863 3875 abire
909 3813 1102 3875 ratus
1147 3810 1342 3875 dicit:
1398 3809 1597 3894 „facit
1644 3809 1751 3874 hic
1798 3809 1970 3890 quod
2020 3808 2230 3888 pauci,
2280 3810 2359 3872 ut
2406 3809 2498 3873 sit
2542 3825 2679 3873 ma-

480 3931 688 4009 gistro
733 3931 1126 4011 obsequens·
1158 3930 1206 4009 ¹)
1257 3930 1379 4011 Qui
1427 3948 1663 3995 versus
1714 3934 1863 3994 tum
1904 3929 2175 3994 demum
2213 3929 2471 4009 lepidus
2507 3929 2675 3993 mihi

483 4051 766 4126 videtur,
851 4053 908 4116 si
979 4052 1343 4133 accipimus
1416 4051 1806 4116 Palinurum
1878 4053 2151 4115 tantum
2208 4039 2530 4114 'simulare
2600 4067 2674 4115 se

547 4338 605 4405 1)
658 4336 899 4390 Miinma
949 4336 1320 4391 ‘Plautinische
1375 4334 1645 4389 Prosodie’
1700 4354 1751 4407 p.
1811 4336 1913 4389 530
1966 4337 2221 4390 oboediens
2233 4359 2257 4399 ;
2310 4336 2426 4389 Lao
2473 4337 2675 4403 confert

471 4425 882 4494 ma[9i]steratus
919 4423 972 4477 in
1009 4424 1125 4495 lege
1162 4422 1424 4479 Lucerina
1457 4426 1512 4475 et
1546 4423 1881 4493 mayisterare
1916 4423 2057 4493 apud
2096 4423 2251 4477 Fas-r.
2294 4425 2411 4478 153.
