3459 5300
1846 570 1929 637 10

788 748 968 814 nullo
1030 751 1224 816 modo
1286 752 1600 834 explicari
1660 753 1821 819 illud
1884 757 2127 836 potest.
2194 755 2376 835 Quod
2438 755 2618 820 enim
2682 757 2858 819 Bfflx
2902 757 2983 821 ad

783 871 916 936 Mil.
971 873 1096 937 162
1137 875 1449 938 nostrum
1487 873 1704 940 locum
1742 876 1988 957 laudat,
2018 894 2235 958 neque
2274 876 2505 942 Militis
2543 877 2728 942 locus
2768 895 2979 959 neque

781 994 983 1058 ceteri
1041 992 1161 1059 loci
1227 995 1318 1061 ibi
1380 996 1566 1061 allati
1609 998 1693 1063 ad
1744 1001 2063 1065 nostrum·
2103 1015 2375 1063 versum
2422 999 2701 1064 faciunt.
2751 999 2977 1066 Mente

781 1114 1087 1196 supplere
1134 1116 1284 1182 vult
1331 1119 1437 1184 vir
1481 1119 1753 1185 doctus:
1809 1121 1967 1205 „das
2013 1119 2205 1186 sollte
2251 1120 2357 1184 ich
2407 1120 2648 1185 dulden
2666 1121 2744 1185 ?''
2791 1121 2974 1201 Quod

781 1237 840 1302 si
877 1237 1328 1322 probaremus,
1369 1241 1619 1307 diceret
1655 1242 2107 1308 Phaedromus
2146 1259 2218 1307 se
2253 1259 2388 1306 non
2428 1257 2786 1321 passurum
2828 1259 2975 1308 esse

782 1375 1053 1423 servum
1097 1360 1223 1425 sibi
1263 1378 1638 1428 sermonem
1679 1381 1915 1444 serere,
1942 1364 2114 1445 quod
2151 1381 2388 1430 verum
2424 1379 2571 1427 esse
2612 1380 2742 1429 non
2781 1381 2976 1445 posse

781 1477 1035 1562 elucet;
1077 1480 1529 1550 Phaedromus
1568 1503 1702 1551 non
1742 1485 1999 1568 patitur
2030 1502 2305 1551 servum
2329 1487 2572 1552 talem
2596 1501 2975 1552 sermonem

780 1600 1109 1687 adhibere,
1158 1604 1336 1686 quali
1383 1607 1618 1673 utitur.
1665 1607 1960 1674 Eandem
1993 1611 2076 1675 ob
2112 1627 2388 1676 causam
2426 1610 2833 1691 reiciendum
2870 1611 2975 1673 est

782 1725 954 1806 quod
1000 1725 1151 1790 vult
1197 1725 1536 1794 Sononnn:

969 1848 1246 1925 <PA.>
1277 1849 1460 1930 Quod
1500 1850 1770 1931 quidem
1808 1888 1870 1897 -
1913 1850 2180 1926 <PL.>
2213 1852 2367 1917 Mihi
2406 1853 2739 1933 polluctus
2770 1852 2978 1934 virgis

1914 1978 2165 2051 [servos
2209 1990 2587 2040 sermonem
2632 1975 2813 2039 serat
2827 1972 2862 2036 ’.Ρ

965 2094 1243 2168 <ΡΗ.>
1274 2095 1372 2160 At
1417 2112 1474 2160 e.
1521 2112 1584 2178 q.
1633 2112 1687 2160 ε.

872 2216 1158 2280 Omnino
1205 2233 1575 2280 sermonem
1619 2216 1880 2297 aliquod
1928 2216 2208 2297 requirit
2251 2217 2615 2298 epitheton.

873 2336 1094 2401 Nimis
1139 2337 1413 2402 audacia
1454 2341 1616 2402 sunt
1653 2354 1822 2418 quae
1859 2337 2285 2403 coniecerunt
2320 2337 2577 2404 Ussmo
2615 2339 2687 2403 et
2724 2337 2979 2418 Gon'r23

782 2459 890 2524 ille
959 2458 1191 2524 scribit
1259 2461 1453 2524 talem
1524 2477 1642 2541 pro
1715 2459 1889 2540 quod
1956 2459 2243 2540 quidem,
2313 2458 2420 2524 hic
2482 2458 2691 2540 quid?
2750 2459 2977 2524 istum.

783 2582 1042 2648 Verum
1102 2581 1237 2645 iam
1298 2579 1555 2645 dudum
1614 2581 1952 2661 repertum
2008 2581 2117 2644 est
2163 2580 2359 2662 idque
2404 2597 2444 2644 a
2488 2577 2822 2656 LAMBINO,
2868 2579 2982 2662 qui

785 2705 958 2787 quod
1016 2704 1314 2769 mutavit
1377 2703 1447 2767 in
1511 2720 1722 2784 quem.
1792 2702 2023 2783 ‘Quem
2074 2702 2362 2783 quidem’
2411 2702 2684 2783 ponitur
2727 2719 2845 2783 pro
2892 2705 2982 2767 ‘et

783 2826 961 2891 hunc
1009 2824 1316 2907 quidem’.
1366 2823 1462 2889 cf.
1512 2823 1696 2905 Epid.
1744 2823 1890 2903 121,
1935 2823 2125 2903 capt.
2173 2823 2319 2905 102,
2362 2823 2597 2887 Bacch.
2630 2824 2781 2887 241.
2831 2822 2979 2889 Non

782 2950 1012 3012 autem
1060 2964 1228 3027 opus
1274 2948 1381 3012 est
1427 2963 1583 3011 cum
1629 2945 1939 3011 LAMBmo
1987 2961 2262 3010 versum
2311 2944 2467 3009 dare
2518 2944 2842 3009 Planesio.

873 3207 976 3254 vs.
1026 3189 1176 3254 200.
1240 3188 1692 3254 Phaedromus
1754 3189 1836 3253 ob
1894 3188 2266 3260 maledicta,
2316 3186 2555 3269 quibus
2600 3186 2797 3267 petiit
2843 3185 2982 3252 Pla·

786 3310 1068 3385 nesium,
1108 3311 1495 3375 verberibus
1532 3312 1602 3375 in
1643 3310 2034 3375 Palinurum
2072 3309 2575 3375 animadvertit.
2616 3308 2983 3387 Indignans

783 3432 890 3498 hic
935 3432 1271 3499 exclamat
1318 3436 1385 3497 et
1432 3432 1561 3497 alia
1607 3436 1676 3497 et
1723 3431 1880 3496 hoc:

965 3553 1219 3619 Hocine
1256 3553 1421 3630 fieri,
1459 3556 1541 3618 ut
1579 3552 1975 3618 inmodestis
2012 3552 2121 3617 hic
2158 3555 2228 3617 te
2264 3551 2623 3617 modereris
2655 3550 2981 3616 moribus!

875 3673 984 3739 Sic
1044 3692 1284 3740 versus
1339 3675 1631 3740 traditus
1677 3677 1816 3755 θεῖ-,ς
1866 3674 1983 3739 sed
2027 3691 2160 3739 non
2209 3674 2424 3739 solum
2473 3674 2768 3737 metrum
2815 3670 2981 3737 clau-

784 3798 981 3871 dicat,
1038 3812 1276 3861 verum
1321 3796 1530 3861 etiam
1578 3796 1918 3861 sententia
1966 3812 2100 3860 non
2144 3798 2251 3860 est
2294 3794 2574 3872 integra.
2625 3792 2761 3857 Alii
2806 3789 2983 3855 aliud

785 3920 1158 3983 tentarunt.
1207 3917 1549 3983 SEYFFERT
1578 3914 1628 3997 1)
1676 3918 2093 3984 dubitanter.
2149 3916 2419 4001 „hocine
2457 3915 2620 3989 fieri,
2660 3917 2740 3978 ut
2775 3914 2981 3977 inmo·

649 4097 657 4105 .
785 4039 998 4103 <lestis
1037 4039 1204 4104 tuis
1244 4038 1601 4104 modereris
1642 4036 2033 4104 moribus?”
2077 4037 2295 4103 Gon'rz
2328 4036 2630 4117 scripsit:
2664 4035 2989 4120 „potine

785 4159 926 4224 fieri
964 4162 1044 4224 ut
1082 4160 1474 4226 inmodestis
1498 4161 1666 4226 tuis
1686 4160 2044 4226 modereris
2069 4158 2454 4227 moribus?”
2480 4158 2710 4225 Potine
2734 4150 2982 4241 recepit

858 4419 914 4487 1)
951 4414 1257 4487 Philologus
1295 4416 1360 4470 29
1399 4433 1448 4487 p.
1487 4417 1605 4470 387.
