3459 5300
1610 596 1735 662 107

565 777 705 842 und
752 793 825 841 er
866 777 986 842 hat
1029 776 1258 842 diesen
1308 777 1553 843 Zweck
1599 777 2014 860 erreicht,
2066 776 2182 842 cfr.
2239 775 2445 841 1182:
2498 777 2651 842 bene
2694 794 2769 841 re

563 900 747 978 qesta
784 898 1000 964 salvos
1038 897 1268 979 redeo;
1308 898 1439 963 834
1468 898 1729 979 >sprioht
1767 917 1839 964 er
1877 915 2009 964 von
2050 897 2277 964 66111611
2321 897 2489 962 bona
2519 899 2769 973 omnia,

567 1019 672 1085 die
717 1036 788 1085 61·
833 1018 955 1084 auf
997 1018 1148 1084 dem
1195 1020 1412 1085 Meere
1461 1021 1565 1086 bei
1603 1020 1747 1086 sich
1788 1019 2037 1100 gehabt
2072 1020 2261 1085 habe.
2306 1001 2585 1083 Nimmt'
2608 1035 2769 1082 man

567 1141 689 1207 das
741 1139 936 1206 'Alles
994 1158 1406 1223 zusammen,
1474 1158 1548 1208 so
1609 1145 1876 1208 musste
1936 1141 2080 1207 sich
2138 1140 2527 1206 Charmides
2570 1143 2773 1205 unter

567 1261 673 1328 die
722 1262 1012 1329 ‘divites’
1060 1263 1374 1345 rechnen,
1420 1263 1592 1329 auch
1645 1264 1751 1329 bei
1794 1262 1908 1329 der
1952 1262 2425 1344 freigebigsten
2473 1261 2772 1327 Ausdeh-

567 1399 755 1464 nung
811 1384 931 1449 des
991 1384 1336 1464 Begriffes‚
1395 1385 1511 1450 der
1572 1385 1644 1449 in
1692 1382 1985 1466 ‘pauper’
2030 1384 2210 1465 liegt,
2258 1383 2511 1450 konnte
2558 1383 2772 1448 dieser

564 1506 688 1571 auf
720 1504 1109 1571 Charmides
1149 1505 1346 1571 keine
1376 1506 1826 1587 Anwendung
1864 1504 2155 1572 finden.”
2202 1505 2302 1571 Ne
2340 1505 2465 1571 hoc
2500 1504 2770 1598 quidem

566 1625 890 1693 LAncnno
959 1627 1266 1693 concedo.
1337 1628 1639 1694 Incertae
1703 1629 1885 1694 enim
1946 1632 2111 1694 sunt
2166 1627 2473 1693 notiones
2527 1643 2771 1692 vocum

561 1766 832 1832 pauper
873 1751 1075 1830 atque
1122 1749 1318 1830 dives
1369 1766 1539 1830 quae
1577 1753 1851 1815 tantum
1892 1767 1981 1815 ex
2034 1747 2448 1831 oppositione
2504 1763 2771 1828 cognos-

569 1873 836 1936 cuntur.
876 1869 1134 1954 ⁸Neque
1197 1870 1292 1937 sic
1331 1872 1544 1937 statui
1590 1874 1850 1953 potest:
1908 1871 2060 1958 „qui
2107 1873 2370 1936 tantam
2417 1869 2618 1935 habet
2665 1885 2769 1951 pe·

569 1992 860 2066 cuniam,
925 1992 1116 2058 dives
1178 1996 1303 2076 est,
1354 1992 1469 2074 qui
1527 1996 1760 2058 autem
1807 1994 2096 2066 tantam,
2143 1990 2460 2073 pauper”.
2512 1990 2639 2071 Qui
2684 2009 2771 2057 ex

572 2114 761 2180 bonis
813 2114 994 2197 capit
1037 2117 1348 2180 sescenta
1393 2113 1729 2193 sestertia,
1777 2131 1953 2195 eum,
2002 2113 2119 2194 qui
2164 2115 2439 2180 tantum
2484 2116 2773 2179 centena

569 2235 766 2318 capit,
824 2251 1183 2317 pauperem
1228 2235 1420 2317 dicit3
1460 2235 1567 2300 hic
1610 2252 1770 2300 vero
1817 2235 2097 2301 divitem
2142 2253 2217 2301 se
2264 2235 2450 2300 ducit
2494 2252 2649 2300 cum
2699 2248 2771 2300 66

570 2373 724 2423 cum
770 2374 848 2424 eo
892 2357 1149 2424 confert
1187 2358 1302 2439 qui
1348 2358 1550 2423 habet
1587 2374 1889 2422 annuam
1925 2374 2208 2422 usuram
2243 2356 2474 2423 decem
2509 2355 2771 2421 milium

570 2479 1059 2545 sestertiorum.
1116 2478 1223 2545 Sic
1268 2482 1341 2545 et
1387 2479 1797 2556 CharmideS,
1849 2497 2009 2545 cum
2054 2480 2123 2544 in
2171 2478 2540 2545 Seleuciam
2586 2476 2771 2560 profl-

566 2600 932 2668 cisceretur
969 2605 1157 2681 (nam
1194 2602 1319 2668 hoc
1353 2604 1623 2684 tempus
1661 2604 1945 2685 spectat,
1972 2619 2106 2668 non
2130 2605 2402 2683 tempus
2432 2603 2588 2683 post
2609 2600 2768 2667 redi·

571 2726 771 2805 tum),
810 2725 892 2790 de
953 2724 1212 2790 divitiis
1271 2725 1593 2807 cogitans,
1664 2742 1836 2806 quae
1897 2742 1937 2790 a
1995 2724 2129 2791 filio
2188 2727 2383 2790 erant
2443 2722 2770 2806 perfusae,

569 2862 927 2927 pauperem
975 2863 1049 2913 66
1093 2862 1329 2915 vocare
1375 2849 1638 2928 poterat
1654 2867 1669 2928 ;
1719 2845 1801 2912 cf.
1852 2864 1953 2912 vs.
2011 2847 2135 2912 108
2184 2862 2320 2927 sq.:

752 3030 927 3122 Nam
973 3034 1330 3113 postquam
1376 3030 1483 3095 hic
1530 3028 1676 3095 eius
1720 3046 1867 3095 rem
1912 3028 2234 3108 confregit
2279 3028 2458 3093 filius

754 3152 1084 3234 Videtque
1118 3152 1262 3233 ipse
1291 3151 1375 3217 ad
1406 3169 1567 3233 pau
1585 3169 1678 3234 pe
1696 3155 2017 3217 rtatem
2048 3153 2464 3233 protractum
2493 3168 2642 3217 esse
2674 3169 2767 3218 se.

659 3335 822 3402 Erat
882 3335 1086 3415 igitur
1144 3335 1480 3417 profectus
1531 3334 1603 3399 111
1650 3333 2040 3410 Seleuciam,
2088 3350 2242 3399 cum
2290 3333 2373 3399 ad
2421 3336 2767 3414 pauperta-

572 3460 713 3523 tem
772 3444 1082 3524 redactus
1143 3460 1344 3523 esset.
1409 3456 1592 3537 Quod
1647 3456 1901 3522 attinet
1960 3456 2043 3522 ad
2104 3455 2503 3521 thesaurum
2549 3455 2617 3520 in
2665 3471 2766 3520 ae·

571 3579 764 3645 dibus
808 3579 1135 3655 abditum,
1184 3577 1290 3643 hic
1338 3578 1444 3644 vel
1489 3576 1733 3643 saltem
1778 3595 1935 3659 pars
1979 3577 2126 3642 61116
2172 3577 2351 3643 dotis
2394 3576 2533 3643 loco
2570 3577 2765 3642 desti-

571 3703 733 3765 nata
778 3703 923 3767 erat
969 3700 1162 3777 filiae,
1211 3698 1291 3766 cf.
1341 3716 1443 3766 vs.
1499 3699 1624 3767 157
1676 3716 1859 3781 sqq.:

751 3884 823 3950 Si
868 3884 1028 3966 quid
1071 3901 1148 3951 eo
1195 3882 1417 3961 fuerit,
1464 3887 1642 3949 certe
1687 3882 1866 3948 iilius
1911 3882 2103 3963 filiae,

751 4004 930 4085 Quae
976 4006 1141 4073 mihi
1179 4005 1585 4081 mandatast,
1634 4004 1844 4071 habeo
1888 4005 2110 4070 dotem
2159 4005 2337 4070 unde
2382 4004 2552 4086 dem,

750 4125 851 4191 Ut
895 4142 1044 4192 eam
1089 4127 1158 4192 in
1207 4143 1279 4192 se
1325 4126 1597 4207 dignam
1641 4124 2095 4191 condicionem
2138 4126 2493 4192 conlocem.

661 4308 866 4374 Cuius
925 4308 1224 4374 thesauri
1284 4307 1342 4373 si
1405 4306 1657 4374 nullam
1719 4284 2043 4373 habemus
2102 4307 2449 4384 rationem,
2503 4311 2769 4375 restant

565 4432 764 4499 aedes
803 4432 873 4497 in
927 4432 1087 4499 urbe
1131 4434 1204 4497 et
1247 4432 1372 4497 sub
1417 4448 1498 4497 ea
1541 4447 1717 4512 ager,
1768 4429 2059 4512 profecto
2105 4448 2237 4497 non
2281 4448 2561 4512 magnae
2601 4431 2765 4498 divi·
