3459 5300
1546 583 1632 649 63

487 767 717 852 „estne
755 766 864 832 hic
915 766 1050 842 ille,
1092 782 1294 848 quem
1338 781 1585 847 quaero
1599 765 1698 831 ?”.
1728 763 1825 830 Of.
1854 764 2051 830 Most.
2101 765 2268 829 444:
2326 768 2479 852 „sed
2529 769 2688 850 quid

479 886 655 952 hoc?
699 886 962 952 occlusa
1007 886 1210 952 ianua
1246 889 1356 952 est
1393 883 1789 968 interdius”‚
1832 902 1987 951 cum
2026 883 2231 950 Stich.
2282 887 2447 952 308:
2493 891 2689 974 „quid

479 1009 604 1075 hoc
621 1011 653 1073 2
695 1009 1032 1076 occlusam
1077 1009 1355 1075 ianuam
1401 1007 1662 1075 video.”

575 1131 683 1196 Ad
769 1129 1139 1197 tollendum
1214 1128 1478 1195 hiatum
1543 1132 1699 1210 post
1766 1131 1976 1213 capite
2042 1130 2154 1196 alii
2222 1129 2418 1198 aliter
2483 1134 2689 1200 verba

486 1255 965 1334 transponunt,
1028 1267 1265 1318 verum
1311 1268 1747 1333 quaecunque
1792 1251 1873 1317 fit
1919 1252 2375 1335 transpositio,
2426 1271 2691 1336 semper

485 1341 733 1455 aliq-uid
780 1371 1046 1439 molesti
1091 1371 1257 1437 mihi
1303 1374 1539 1436 restat.
1587 1370 1756 1452 Quid
1804 1371 2093 1437 miratur
2140 1365 2445 1439 Curculio
2460 1375 2495 1438 ?
2542 1374 2690 1440 Non

484 1496 657 1578 quod
721 1494 1053 1575 trapezita
1111 1497 1298 1559 astat
1355 1493 1572 1574 capite
1632 1495 1866 1574 operto
1882 1514 1898 1574 ;
1968 1511 2127 1558 nam
2188 1494 2297 1559 hic
2348 1497 2496 1560 erat
2542 1511 2690 1562 mos

395 1690 398 1694 ,
486 1615 810 1682 Romanis
846 1615 1004 1681 deos
1041 1615 1314 1680 adorare
1351 1614 1569 1694 capite
1606 1617 1835 1694 operto
1866 1611 1935 1697 ¹).
1971 1614 2255 1680 Miratur
2292 1633 2365 1681 se
2402 1615 2687 1698 aliquem

486 1736 712 1803 videre
765 1734 1202 1801 salutantem.
1242 1733 1740 1816 Aesculapium.
1814 1733 2067 1799 Tamen
2137 1737 2367 1800 noster
2428 1753 2688 1814 versus,

485 1859 664 1926 sicut
720 1856 985 1936 legitur,
1046 1873 1124 1923 eo
1184 1873 1308 1922 nos
1360 1855 1650 1936 adducit,
1698 1857 1781 1920 ut
1826 1859 2149 1935 putemus
2195 1858 2427 1937 operto
2471 1858 2689 1940 capite
2770 1935 2773 1940 ,

483 1983 777 2048 salutare
847 1979 1095 2061 aliquid
1163 1995 1311 2045 esse
1378 1977 1652 2043 insoliti.
1701 1977 2201 2061 Exspectantur
2248 1977 2443 2044 talia:
2498 1979 2687 2065 „quis

483 2102 592 2169 hic
650 2110 777 2182 est,
842 2102 958 2183 qui
1017 2100 1150 2167 illic
1207 2102 1436 2183 operto
1500 2100 1720 2179 capite
1774 2117 1815 2164 a
1832 2101 2020 2165 stat
2080 2103 2152 2164 et
2206 2100 2685 2182 Aesculapium

484 2223 738 2290 salutat
753 2222 831 2286 ?'’
894 2222 1077 2303 Quae
1137 2221 1437 2286 numeris
1496 2222 1744 2302 aptans
1797 2219 1941 2300 lego
1988 2220 2115 2285 sic:
2176 2221 2363 2306 „quis
2408 2221 2515 2288 hic
2559 2225 2688 2300 est,

485 2344 599 2424 qui
646 2345 877 2425 operto
927 2343 1295 2414 <astans>
1349 2341 1566 2422 capite
1614 2338 2093 2420 Aesculapium
2139 2335 2405 2410 Salutat
2419 2342 2498 2406 ?”

577 2465 697 2530 Vs,
763 2464 894 2529 390
958 2462 1216 2529 Ussme
1276 2462 1607 2528 desiderat
1669 2465 1825 2543 post
1888 2480 2075 2543 quem
2137 2463 2531 2544 quaerebam
2584 2464 2687 2532 de·

487 2586 1013 2652 monstrativam
1061 2583 1474 2651 sententiam
1521 2581 1708 2649 velut
1759 2583 1992 2670 „ipsus
2030 2580 2182 2648 est”
2222 2587 2345 2651 aut
2389 2585 2687 2671 ‚,video”.

494 2708 696 2794 „Eius
760 2706 944 2773 loco”
1012 2706 1112 2772 ait
1185 2703 1465 2791 „legitur
1523 2704 1808 2787 Sequere
1869 2723 1992 2794 me,
2057 2724 2227 2788 quae
2284 2706 2687 2789 interpretes

486 2846 690 2912 puero
747 2828 945 2894 alicui
1004 2827 1368 2908 pedisequo.
1409 2826 1589 2892 dicta
1632 2830 1901 2907 putant,
1950 2826 2287 2911 talemque
2333 2846 2689 2911 personam

485 2951 715 3018 adesse
760 2951 964 3023 etiam
1014 2949 1084 3014 in
1132 2948 1515 3015 nominibus
1560 2965 1800 3014 scenae
1846 2951 2321 3033 suprascriptis
2364 2952 2511 3019 edd.
2551 2954 2688 3036 qui·

483 3072 640 3137 dam
681 3071 1104 3151 significant,
1166 3087 1573 3153 quamquam
1621 3070 1767 3135 eius
1815 3070 2073 3137 nullum
2120 3072 2277 3138 alibi
2323 3075 2689 3155 vestigium

485 3192 829 3257 invenitur
890 3209 1015 3258 nec
1071 3192 1343 3258 omnino
1405 3191 1686 3273 parasiti
1748 3194 1855 3257 est
1907 3192 2342 3274 pedisequum
2386 3196 2690 3264 habere’'.

487 3312 668 3394 Quod
707 3313 792 3379 ad
832 3311 1155 3379 ultimum
1195 3315 1672 3392 argumentum
1711 3314 1987 3388 attinet,
2013 3313 2180 3378 mire
2212 3315 2443 3381 fefellit
2472 3318 2694 3386 virum

488 3435 758 3501 doctum
820 3436 1285 3502 Curculionem
1343 3434 1452 3500 hic
1495 3452 1628 3500 non
1675 3435 1979 3515 parasiti,
2028 3437 2144 3501 sed
2188 3436 2409 3504 liberti
2455 3439 2693 3507 militis

491 3560 717 3653 partes
783 3573 998 3637 agere,
1067 3555 1498 3638 quamobrem
1573 3556 1853 3623 minime
1923 3556 2066 3621 veri
2132 3557 2455 3624 dissimile
2524 3560 2691 3625 mihi

492 3679 761 3745 videtur
819 3695 975 3744 cum
1030 3678 1384 3759 pedisequo
1447 3694 1604 3742 eum
1666 3677 1944 3757 prodire.
2008 3676 2236 3760 Neque
2296 3679 2395 3743 ita
2442 3681 2690 3746 mirum

490 3801 826 3877 existimO,
885 3800 1056 3881 quod
1119 3797 1377 3865 nullum
1436 3798 1592 3863 alibi
1654 3797 1858 3863 huius
1912 3799 2275 3877 vestigium
2320 3801 2687 3880 invenitur,

487 3922 801 4001 quoniam
871 3920 1142 3985 omnino
1210 3936 1379 4000 quae
1442 3918 1697 3983 faciunt
1758 3935 2081 3998 personae
2139 3920 2385 3986 tacitae
2447 3938 2683 4002 parum

484 4041 1108 4109 animadvertimus.
1175 4038 1515 4120 Quomodo
1572 4043 1805 4104 autem
1854 4038 2125 4105 SomAu
2156 4037 2229 4119 ²),
2274 4058 2679 4122 quamquam

556 4342 613 4409 1)
656 4340 773 4394 Vid.
814 4338 1444 4397 Bucam-Mannumm
1479 4334 1577 4404 IV,
1617 4352 1665 4406 p.
1706 4338 1826 4391 466.

561 4428 616 4494 2)
654 4426 687 4481 l.
727 4425 758 4480 l.
799 4444 848 4496 p.
888 4427 971 4480 12.
