3459 5300
1804 565 1931 628 100

766 759 851 810 ex
915 744 1192 826 pecunia
1250 743 1601 827 attributa,
1648 746 1764 810 sed
1808 763 1894 810 ex
1941 746 2417 813 damnatorum
2462 747 2763 828 pecunia.
2810 747 2962 813 Jou-

766 883 906 932 DAN
975 869 1206 932 contra
1249 866 1593 932 contendit
1638 883 1723 931 ex
1769 867 1893 932 hac
1938 869 2217 949 pecunia
2264 868 2478 934 scalas
2521 867 2723 934 deum
2767 885 2963 951 pena-

766 989 941 1053 tium
1001 988 1384 1054 aedificatas
1448 1004 1616 1069 esse,
1681 1006 1798 1070 pro
1862 990 2135 1056 macello
2182 989 2535 1070 pecuniam
2580 1006 2666 1054 ex
2711 990 2963 1055 aerario

766 1110 1268 1176 attribuendam
1305 1110 1532 1185 fuisse,
1572 1114 1641 1175 et
1678 1111 2035 1178 macellum
2083 1110 2395 1178 Varronis
2433 1111 2747 1193 Festique
2785 1111 2962 1177 idem

766 1248 915 1298 esse
959 1235 1162 1313 atque
1209 1231 1426 1297 forum
1472 1233 1908 1314 piscatorium
1951 1232 2145 1299 Livii.
2219 1233 2378 1298 Mihi
2424 1233 2641 1298 forum
2687 1232 2961 1313 piscato·

767 1353 944 1417 rium
1013 1370 1170 1433 pars
1239 1353 1463 1433 potius
1522 1353 1778 1420 macelli
1839 1355 2108 1421 videtur
2139 1351 2221 1439 ι);
2286 1372 2416 1421 non
2478 1358 2710 1420 autem
2770 1355 2962 1420 credo

766 1474 941 1541 Livii
1003 1475 1222 1540 locum
1281 1479 1460 1540 recte
1521 1476 1852 1541 traditum
1896 1493 2079 1557 esse3
2128 1476 2284 1557 quid
2330 1477 2512 1540 enim
2561 1480 2698 1542 est:
2754 1475 2964 1561 „locat

765 1597 981 1663 forum
1041 1597 1477 1678 piscatorium
1538 1597 1970 1664 circumdatis
2032 1598 2371 1664 tabernis''
2388 1599 2423 1662 ‘?
2478 1597 2959 1678 Intelligerem:

771 1718 1250 1805 „aedificat
1317 1720 1535 1786 forum
1607 1720 2041 1801 piscatorium
2112 1720 2543 1786 circumdatis
2599 1719 2961 1802 tabernis'’;

766 1857 931 1922 nego
979 1846 1209 1907 autem
1255 1841 1412 1907 illud
1461 1845 1639 1908 recte
1685 1858 1758 1908 se
1806 1844 2078 1923 habere;
2127 1842 2375 1908 conicio
2401 1841 2753 1922 legendum
2778 1859 2959 1907 esse:

765 1964 1346 2030 circumdandum.
1409 1963 1778 2044 Macellum,
1863 1963 2427 2045 quemadmodum
2493 1981 2648 2029 cum
2717 1979 2961 2044 magna

765 2088 909 2152 veri
969 2087 1189 2168 specie
1251 2086 1555 2168 disputat
1615 2086 1940 2162 Unmom,
2003 2087 2070 2152 in
2146 2085 2367 2167 plures
2427 2101 2618 2150 areas
2670 2085 2961 2150 divisum

765 2211 930 2288 erat,
978 2209 1096 2273 ubi
1141 2208 1441 2288 singulae
1487 2224 1743 2274 merces
1791 2207 2135 2274 venibant.
2186 2206 2496 2287 Suspicor
2540 2210 2771 2272 autem
2815 2205 2961 2271 Ful-

765 2329 956 2394 vium
1031 2346 1181 2394 eam
1249 2346 1494 2410 aream,
1567 2330 1681 2394 ubi
1750 2330 1968 2412 pisces
2038 2329 2310 2395 venales
2378 2332 2592 2404 erant,
2662 2328 2961 2394 tabernis

764 2451 1304 2516 circumdandam
1364 2451 1636 2518 locasse.
1719 2452 2065 2517 Macellum
2111 2451 2293 2518 enim
2339 2450 2476 2516 iam
2521 2467 2580 2515 a.
2632 2449 2761 2515 545
2809 2452 2961 2530 post

765 2572 1219 2655 praecedentis
1265 2573 1429 2639 anni
1473 2573 1858 2638 incendium
1905 2573 2227 2638 refectum
2274 2573 2440 2637 erat.
2498 2571 2799 2653 Apparet
2844 2587 2961 2651 pro

765 2698 945 2761 certo
1017 2696 1229 2760 statui
1301 2713 1432 2761 non
1500 2713 1712 2779 posse,
1787 2713 1916 2776 quo
1978 2698 2278 2776 tempore
2340 2693 2585 2769 omnia,
2647 2710 2817 2774 quae
2876 2692 2960 2757 ad

766 2817 1027 2883 victum
1086 2817 1529 2898 pertinebant,
1592 2818 1661 2883 in
1722 2834 1939 2883 unum
1983 2816 2202 2883 locum
2248 2818 2595 2881 contracta
2642 2814 2801 2880 sint.
2848 2814 2957 2880 An

762 2938 1047 3005 fortasse
1108 2939 1566 3021 accipiendum
1619 2942 1726 3005 est
1772 2956 1833 3005 a.
1885 2939 2014 3004 545
2060 2938 2279 3003 locum
2327 2937 2745 3019 privatorum
2791 2935 2960 3001 aedi-

765 3059 1082 3145 ficiorum,
1133 3077 1301 3142 quae
1347 3061 1651 3143 proximo
1699 3077 1877 3125 anno
1924 3062 2277 3125 combusta
2321 3061 2535 3138 erant,
2583 3058 2961 3124 adhibitum

763 3197 910 3247 esse
957 3185 1036 3247 ut
1081 3181 1299 3247 forum
1344 3182 1782 3264 piscatorium
1804 3181 1885 3245 ad
1912 3180 2167 3246 macelli
2194 3180 2491 3260 spatium
2516 3178 2960 3244 dilataretur?

764 3303 944 3384 Quae
1011 3305 1354 3371 sententia
1421 3321 1656 3370 revera
1724 3319 1798 3369 se
1865 3300 2331 3367 commendare
2402 3300 2671 3366 videtur
2738 3299 2961 3366 verbis

762 3424 957 3507 Livii,
1040 3426 1282 3507 quippe
1362 3425 1475 3507 qui
1553 3426 1622 3490 in
1703 3423 2033 3489 narrando
2112 3420 2417 3488 incendio
2485 3421 2961 3487 commemoret

762 3546 1044 3612 forum
1103 3546 1716 3628 piscatorium,
1783 3546 1852 3610 in
1913 3543 2273 3609 referendis
2335 3540 2495 3607 locis
2557 3542 2670 3624 qui
2730 3540 2960 3607 refecti

765 3667 906 3733 sint
950 3668 1360 3734 mentionem
1404 3667 1607 3733 faciat
1653 3664 2020 3732 macelli.
2070 3663 2452 3744 conflagrat
2490 3661 2767 3728 forum
2806 3661 2959 3743 pis·

763 3787 1228 3864 catorium,
1295 3760 1611 3854 reficitur·
1646 3785 2017 3853 macellu
2040 3802 2127 3849 m.
2195 3783 2373 3849 Num
2436 3782 2639 3847 nimis
2684 3785 2959 3849 temera·

835 4070 891 4139 1)
936 4069 1018 4123 Ex
1060 4067 1298 4141 pluribus
1346 4066 1494 4135 locis,
1537 4065 1631 4121 ubi
1677 4083 1781 4120 vox
1818 4061 2019 4118 macelli
2053 4059 2338 4129 invenitur,
2375 4060 2593 4132 apparet
2626 4056 2811 4113 latiore
2844 4074 2956 4113 eam

763 4172 921 4211 sensu
955 4158 1258 4225 usurpatam
1295 4170 1435 4219 esse;
1471 4151 1535 4207 cf.
1571 4149 1829 4224 imprimis
1864 4149 1988 4203 Ter.
2025 4147 2167 4201 Eun.
2207 4147 2308 4201 255
2346 4162 2485 4217 sqq.:

907 4240 1045 4295 Dum
1081 4240 1209 4296 haec
1242 4238 1525 4312 loquimur,
1556 4238 1728 4294 intera
1763 4235 1866 4291 loci
1901 4234 1970 4289 ad
2004 4230 2280 4289 macellum
2319 4230 2409 4286 ubi
2444 4228 2803 4299 adventamus,

909 4326 1237 4383 Concurrunt
1269 4324 1394 4381 laeti
1427 4325 1502 4380 mi
1537 4324 1749 4380 obviam
1782 4318 2141 4394 cuppedinarii
2178 4334 2383 4374 omnes:

910 4412 1120 4483 Cetarii,
1151 4412 1294 4482 lanii,
1328 4410 1497 4483 coqui,
1533 4410 1773 4479 fartores,
1811 4408 2113 4480 piscatores.
