<?xml version="1.0" encoding="UTF-8"?>
<!DOCTYPE html PUBLIC "-//W3C//DTD XHTML 1.0 Transitional//EN"
    "http://www.w3.org/TR/xhtml1/DTD/xhtml1-transitional.dtd">
<html xmlns="http://www.w3.org/1999/xhtml" xml:lang="en" lang="en">
 <head>
  <title>
</title>
<meta http-equiv="Content-Type" content="text/html;charset=utf-8" />
  <meta name='ocr-system' content='tesseract 3.04.00' />
  <meta name='ocr-capabilities' content='ocr_page ocr_carea ocr_par ocr_line ocrx_word'/>
</head>
<body>
  <div class='ocr_page' id='page_1' title='image "./deplauticurculi00bossgoog_0045.png"; bbox 0 0 3459 5300; ppageno 0'>
   <div class='ocr_carea' id='block_1_1' title="bbox 1572 581 1656 643">
    <p class='ocr_par' dir='ltr' id='par_1_1' title="bbox 1572 581 1656 643">
     <span class='ocr_line' id='line_1_1' title="bbox 1572 581 1656 643; baseline 0 0"><span class='ocrx_word' id='word_1_1' title='bbox 1572 581 1656 643; x_wconf 85' lang='lat'>33</span> 
     </span>
    </p>
   </div>
   <div class='ocr_carea' id='block_1_2' title="bbox 508 762 2733 4267">
    <p class='ocr_par' dir='ltr' id='par_1_2' title="bbox 508 762 2733 4267">
     <span class='ocr_line' id='line_1_2' title="bbox 607 762 2712 846; baseline 0.002 -19"><span class='ocrx_word' id='word_1_2' title='bbox 607 780 708 827; x_wconf 89' lang='lat' dir='ltr'>vs.</span> <span class='ocrx_word' id='word_1_3' title='bbox 762 762 892 829; x_wconf 86' lang='lat'>273</span> <span class='ocrx_word' id='word_1_4' title='bbox 940 779 1083 843; x_wconf 90' lang='lat' dir='ltr'>sqq.</span> <span class='ocrx_word' id='word_1_5' title='bbox 1141 762 1480 829; x_wconf 90' lang='lat' dir='ltr'>Lenonem</span> <span class='ocrx_word' id='word_1_6' title='bbox 1526 765 1894 831; x_wconf 87' lang='lat' dir='ltr'>abeuntem</span> <span class='ocrx_word' id='word_1_7' title='bbox 1939 769 2020 831; x_wconf 93' lang='lat' dir='ltr'>ut</span> <span class='ocrx_word' id='word_1_8' title='bbox 2060 782 2292 846; x_wconf 89' lang='lat' dir='ltr'>pacem</span> <span class='ocrx_word' id='word_1_9' title='bbox 2336 766 2421 830; x_wconf 91' lang='lat' dir='ltr'>ab</span> <span class='ocrx_word' id='word_1_10' title='bbox 2468 766 2712 831; x_wconf 91' lang='lat' dir='ltr'>Aescu-</span> 
     </span>
     <span class='ocr_line' id='line_1_3' title="bbox 515 884 2397 968; baseline 0.001 -18"><span class='ocrx_word' id='word_1_11' title='bbox 515 884 689 965; x_wconf 91' lang='lat' dir='ltr'>lapio</span> <span class='ocrx_word' id='word_1_12' title='bbox 734 889 944 966; x_wconf 90' lang='lat' dir='ltr'>petat,</span> <span class='ocrx_word' id='word_1_13' title='bbox 995 886 1165 952; x_wconf 90' lang='lat' dir='ltr'>bono</span> <span class='ocrx_word' id='word_1_14' title='bbox 1211 886 1332 951; x_wconf 90' lang='lat' dir='ltr'>hoc</span> <span class='ocrx_word' id='word_1_15' title='bbox 1376 887 1803 968; x_wconf 81' lang='lat' dir='ltr'>prosequitur</span> <span class='ocrx_word' id='word_1_16' title='bbox 1849 887 2070 953; x_wconf 93' lang='lat' dir='ltr'>omine</span> <span class='ocrx_word' id='word_1_17' title='bbox 2114 905 2397 968; x_wconf 86' lang='lat' dir='ltr'>coquus:</span> 
     </span>
     <span class='ocr_line' id='line_1_4' title="bbox 1525 1009 2535 1089; baseline 0.001 -15"><span class='ocrx_word' id='word_1_18' title='bbox 1525 1009 1704 1089; x_wconf 78' lang='lat' dir='ltr'>Quae</span> <span class='ocrx_word' id='word_1_19' title='bbox 1751 1025 1858 1074; x_wconf 90' lang='lat' dir='ltr'>res</span> <span class='ocrx_word' id='word_1_20' title='bbox 1903 1009 2074 1074; x_wconf 90' lang='lat' dir='ltr'>male</span> <span class='ocrx_word' id='word_1_21' title='bbox 2121 1013 2347 1075; x_wconf 91' lang='lat' dir='ltr'>vortat</span> <span class='ocrx_word' id='word_1_22' title='bbox 2392 1009 2535 1075; x_wconf 88' lang='lat' dir='ltr'>tibi.</span> 
     </span>
     <span class='ocr_line' id='line_1_5' title="bbox 611 1129 2716 1214; baseline 0.001 -21"><span class='ocrx_word' id='word_1_23' title='bbox 611 1129 790 1209; x_wconf 79' lang='lat' dir='ltr'>Quae</span> <span class='ocrx_word' id='word_1_24' title='bbox 853 1133 1002 1194; x_wconf 90' lang='lat' dir='ltr'>tum</span> <span class='ocrx_word' id='word_1_25' title='bbox 1065 1133 1458 1211; x_wconf 88' lang='lat' dir='ltr'>sequuntur,</span> <span class='ocrx_word' id='word_1_26' title='bbox 1523 1132 1618 1196; x_wconf 88' lang='lat' dir='ltr'>sic</span> <span class='ocrx_word' id='word_1_27' title='bbox 1678 1131 1999 1212; x_wconf 76' lang='lat' dir='ltr'>praebent</span> <span class='ocrx_word' id='word_1_28' title='bbox 2057 1131 2207 1197; x_wconf 89' lang='lat' dir='ltr'>libri</span> <span class='ocrx_word' id='word_1_29' title='bbox 2253 1131 2419 1214; x_wconf 89' lang='lat' dir='ltr'>(tres</span> <span class='ocrx_word' id='word_1_30' title='bbox 2468 1131 2716 1212; x_wconf 86' lang='lat' dir='ltr'>priores</span> 
     </span>
     <span class='ocr_line' id='line_1_6' title="bbox 518 1233 1596 1334; baseline 0.002 -18"><span class='ocrx_word' id='word_1_31' title='bbox 518 1269 760 1317; x_wconf 88' lang='lat' dir='ltr'>versus</span> <span class='ocrx_word' id='word_1_32' title='bbox 806 1268 1010 1334; x_wconf 89' lang='lat' dir='ltr'>coquo</span> <span class='ocrx_word' id='word_1_33' title='bbox 1054 1233 1596 1332; x_wconf 75' lang='lat' dir='ltr'>continuantfir):</span> 
     </span>
     <span class='ocr_line' id='line_1_7' title="bbox 701 1373 2673 1458; baseline 0.002 -21"><span class='ocrx_word' id='word_1_34' title='bbox 701 1373 826 1439; x_wconf 93' lang='lat' dir='ltr'>Pro</span> <span class='ocrx_word' id='word_1_35' title='bbox 873 1373 939 1438; x_wconf 87' lang='lat' dir='ltr'>di</span> <span class='ocrx_word' id='word_1_36' title='bbox 985 1374 1418 1449; x_wconf 88' lang='lat' dir='ltr'>immortales,</span> <span class='ocrx_word' id='word_1_37' title='bbox 1467 1391 1667 1456; x_wconf 92' lang='lat' dir='ltr'>quem</span> <span class='ocrx_word' id='word_1_38' title='bbox 1714 1375 2098 1455; x_wconf 81' lang='lat' dir='ltr'>conspicio?</span> <span class='ocrx_word' id='word_1_39' title='bbox 2146 1376 2297 1458; x_wconf 86' lang='lat' dir='ltr'>quis</span> <span class='ocrx_word' id='word_1_40' title='bbox 2343 1376 2471 1442; x_wconf 90' lang='lat' dir='ltr'>illic</span> <span class='ocrx_word' id='word_1_41' title='bbox 2518 1377 2673 1442; x_wconf 81' lang='lat' dir='ltr'>est?</span> 
     </span>
     <span class='ocr_line' id='line_1_8' title="bbox 526 1491 2425 1578; baseline 0.002 -20"><span class='ocrx_word' id='word_1_42' title='bbox 526 1494 655 1562; x_wconf 82' lang='lat'>275</span> <span class='ocrx_word' id='word_1_43' title='bbox 702 1491 914 1560; x_wconf 87' lang='lat' dir='ltr'>Estne</span> <span class='ocrx_word' id='word_1_44' title='bbox 960 1495 1065 1561; x_wconf 92' lang='lat' dir='ltr'>hic</span> <span class='ocrx_word' id='word_1_45' title='bbox 1112 1496 1452 1577; x_wconf 81' lang='lat' dir='ltr'>parasitus</span> <span class='ocrx_word' id='word_1_46' title='bbox 1497 1497 1612 1578; x_wconf 90' lang='lat' dir='ltr'>qui</span> <span class='ocrx_word' id='word_1_47' title='bbox 1657 1497 1946 1563; x_wconf 88' lang='lat' dir='ltr'>missust</span> <span class='ocrx_word' id='word_1_48' title='bbox 1993 1498 2065 1562; x_wconf 92' lang='lat' dir='ltr'>in</span> <span class='ocrx_word' id='word_1_49' title='bbox 2110 1498 2425 1564; x_wconf 78' lang='lat' dir='ltr'>Cariam?</span> 
     </span>
     <span class='ocr_line' id='line_1_9' title="bbox 704 1617 2497 1701; baseline 0.001 -19"><span class='ocrx_word' id='word_1_50' title='bbox 704 1617 893 1682; x_wconf 89' lang='lat' dir='ltr'>Heus</span> <span class='ocrx_word' id='word_1_51' title='bbox 939 1618 1364 1698; x_wconf 87' lang='lat' dir='ltr'>Phaedrome,</span> <span class='ocrx_word' id='word_1_52' title='bbox 1413 1618 1541 1699; x_wconf 85' lang='lat' dir='ltr'>exi,</span> <span class='ocrx_word' id='word_1_53' title='bbox 1591 1619 1719 1699; x_wconf 80' lang='lat' dir='ltr'>exi,</span> <span class='ocrx_word' id='word_1_54' title='bbox 1771 1619 1899 1701; x_wconf 86' lang='lat' dir='ltr'>exi,</span> <span class='ocrx_word' id='word_1_55' title='bbox 1948 1620 2245 1700; x_wconf 89' lang='lat' dir='ltr'>inquam,</span> <span class='ocrx_word' id='word_1_56' title='bbox 2293 1621 2497 1686; x_wconf 78' lang='lat' dir='ltr'>ocius,</span> 
     </span>
     <span class='ocr_line' id='line_1_10' title="bbox 703 1739 2659 1820; baseline 0.001 -16"><span class='ocrx_word' id='word_1_57' title='bbox 703 1740 776 1804; x_wconf 92' lang='lat' dir='ltr'>P.</span> <span class='ocrx_word' id='word_1_58' title='bbox 828 1739 993 1820; x_wconf 82' lang='lat' dir='ltr'>Quid</span> <span class='ocrx_word' id='word_1_59' title='bbox 1042 1740 1196 1805; x_wconf 91' lang='lat' dir='ltr'>istic</span> <span class='ocrx_word' id='word_1_60' title='bbox 1239 1741 1594 1805; x_wconf 91' lang='lat' dir='ltr'>clamorem</span> <span class='ocrx_word' id='word_1_61' title='bbox 1645 1739 1823 1807; x_wconf 92' lang='lat' dir='ltr'>tollis</span> <span class='ocrx_word' id='word_1_62' title='bbox 1839 1742 1873 1806; x_wconf 80' lang='lat'><strong>?</strong></span> <span class='ocrx_word' id='word_1_63' title='bbox 1920 1741 1990 1806; x_wconf 85' lang='lat' dir='ltr'>C.</span> <span class='ocrx_word' id='word_1_64' title='bbox 2039 1742 2421 1811; x_wconf 77' lang='lat' dir='ltr'>Parasitum</span> <span class='ocrx_word' id='word_1_65' title='bbox 2468 1745 2659 1808; x_wconf 90' lang='lat' dir='ltr'>tuom</span> 
     </span>
     <span class='ocr_line' id='line_1_11' title="bbox 705 1861 2541 1944; baseline -0.003 -16"><span class='ocrx_word' id='word_1_66' title='bbox 705 1861 914 1928; x_wconf 87' lang='lat' dir='ltr'>Video</span> <span class='ocrx_word' id='word_1_67' title='bbox 966 1865 1348 1928; x_wconf 88' lang='lat' dir='ltr'>currentem</span> <span class='ocrx_word' id='word_1_68' title='bbox 1391 1862 1594 1927; x_wconf 87' lang='lat' dir='ltr'>ellum</span> <span class='ocrx_word' id='word_1_69' title='bbox 1639 1879 1853 1943; x_wconf 88' lang='lat' dir='ltr'>usque</span> <span class='ocrx_word' id='word_1_70' title='bbox 1897 1863 1968 1927; x_wconf 94' lang='lat' dir='ltr'>in</span> <span class='ocrx_word' id='word_1_71' title='bbox 2012 1863 2235 1944; x_wconf 89' lang='lat' dir='ltr'>platea</span> <span class='ocrx_word' id='word_1_72' title='bbox 2279 1863 2541 1928; x_wconf 85' lang='lat' dir='ltr'>ultima.</span> 
     </span>
     <span class='ocr_line' id='line_1_12' title="bbox 707 1982 2453 2064; baseline 0 -15"><span class='ocrx_word' id='word_1_73' title='bbox 707 1985 882 2050; x_wconf 90' lang='lat' dir='ltr'>Hinc</span> <span class='ocrx_word' id='word_1_74' title='bbox 927 1982 1384 2049; x_wconf 79' lang='lat' dir='ltr'>auscultemus</span> <span class='ocrx_word' id='word_1_75' title='bbox 1429 1983 1588 2064; x_wconf 91' lang='lat' dir='ltr'>quid</span> <span class='ocrx_word' id='word_1_76' title='bbox 1633 1988 1809 2064; x_wconf 87' lang='lat' dir='ltr'>agat.</span> <span class='ocrx_word' id='word_1_77' title='bbox 1858 1984 1931 2049; x_wconf 93' lang='lat' dir='ltr'>P.</span> <span class='ocrx_word' id='word_1_78' title='bbox 1980 1983 2151 2050; x_wconf 83' lang='lat' dir='ltr'>Sane</span> <span class='ocrx_word' id='word_1_79' title='bbox 2196 2002 2453 2051; x_wconf 91' lang='lat' dir='ltr'>censeo.</span> 
     </span>
     <span class='ocr_line' id='line_1_13' title="bbox 615 2105 2727 2198; baseline 0 -26"><span class='ocrx_word' id='word_1_80' title='bbox 615 2107 862 2172; x_wconf 88' lang='lat' dir='ltr'>Omnes</span> <span class='ocrx_word' id='word_1_81' title='bbox 923 2105 1308 2170; x_wconf 89' lang='lat' dir='ltr'>recentioris</span> <span class='ocrx_word' id='word_1_82' title='bbox 1369 2105 1614 2171; x_wconf 89' lang='lat' dir='ltr'>aetatis</span> <span class='ocrx_word' id='word_1_83' title='bbox 1661 2105 1949 2171; x_wconf 87' lang='lat' dir='ltr'>editores</span> <span class='ocrx_word' id='word_1_84' title='bbox 1998 2110 2372 2187; x_wconf 91' lang='lat' dir='ltr'>sequuntur</span> <span class='ocrx_word' id='word_1_85' title='bbox 2416 2107 2727 2198; x_wconf 76' lang='lat' dir='ltr'>FanKm·</span> 
     </span>
     <span class='ocr_line' id='line_1_14' title="bbox 529 2199 2724 2310; baseline 0 -17"><span class='ocrx_word' id='word_1_86' title='bbox 529 2246 767 2304; x_wconf 69' lang='lat' dir='ltr'>summ,</span> <span class='ocrx_word' id='word_1_87' title='bbox 818 2227 931 2310; x_wconf 92' lang='lat' dir='ltr'>qui</span> <span class='ocrx_word' id='word_1_88' title='bbox 977 2230 1128 2308; x_wconf 90' lang='lat' dir='ltr'>post</span> <span class='ocrx_word' id='word_1_89' title='bbox 1175 2242 1275 2291; x_wconf 86' lang='lat' dir='ltr'>vs.</span> <span class='ocrx_word' id='word_1_90' title='bbox 1328 2227 1457 2293; x_wconf 81' lang='grc'>273</span> <span class='ocrx_word' id='word_1_91' title='bbox 1503 2227 1825 2292; x_wconf 91' lang='lat' dir='ltr'>maiorem</span> <span class='ocrx_word' id='word_1_92' title='bbox 1863 2226 2173 2293; x_wconf 90' lang='lat' dir='ltr'>lacunam</span> <span class='ocrx_word' id='word_1_93' title='bbox 2213 2199 2551 2294; x_wconf 86' lang='lat' dir='ltr'>detexisse</span> <span class='ocrx_word' id='word_1_94' title='bbox 2598 2229 2724 2294; x_wconf 90' lang='lat' dir='ltr'>sibi</span> 
     </span>
     <span class='ocr_line' id='line_1_15' title="bbox 529 2350 2726 2431; baseline -0.001 -14"><span class='ocrx_word' id='word_1_95' title='bbox 529 2353 722 2417; x_wconf 88' lang='lat' dir='ltr'>visus</span> <span class='ocrx_word' id='word_1_96' title='bbox 759 2354 904 2431; x_wconf 85' lang='lat' dir='ltr'>est3</span> <span class='ocrx_word' id='word_1_97' title='bbox 945 2351 1185 2431; x_wconf 91' lang='lat' dir='ltr'>quibus</span> <span class='ocrx_word' id='word_1_98' title='bbox 1222 2350 1638 2428; x_wconf 87' lang='lat' dir='ltr'>argumentis</span> <span class='ocrx_word' id='word_1_99' title='bbox 1677 2350 1869 2415; x_wconf 91' lang='lat' dir='ltr'>nisus</span> <span class='ocrx_word' id='word_1_100' title='bbox 1905 2350 2028 2416; x_wconf 90' lang='lat' dir='ltr'>hoc</span> <span class='ocrx_word' id='word_1_101' title='bbox 2067 2351 2342 2431; x_wconf 91' lang='lat' dir='ltr'>probare</span> <span class='ocrx_word' id='word_1_102' title='bbox 2366 2351 2726 2427; x_wconf 85' lang='lat' dir='ltr'>studuerit,</span> 
     </span>
     <span class='ocr_line' id='line_1_16' title="bbox 529 2471 2724 2554; baseline -0 -16"><span class='ocrx_word' id='word_1_103' title='bbox 529 2473 778 2553; x_wconf 90' lang='lat' dir='ltr'>ignoro,</span> <span class='ocrx_word' id='word_1_104' title='bbox 847 2471 1164 2553; x_wconf 92' lang='lat' dir='ltr'>quoniam</span> <span class='ocrx_word' id='word_1_105' title='bbox 1232 2471 1660 2551; x_wconf 85' lang='lat' dir='ltr'>investigare,</span> <span class='ocrx_word' id='word_1_106' title='bbox 1728 2471 1800 2537; x_wconf 91' lang='lat' dir='ltr'>in</span> <span class='ocrx_word' id='word_1_107' title='bbox 1870 2489 1999 2554; x_wconf 92' lang='lat' dir='ltr'>quo</span> <span class='ocrx_word' id='word_1_108' title='bbox 2059 2489 2254 2553; x_wconf 93' lang='lat' dir='ltr'>opere</span> <span class='ocrx_word' id='word_1_109' title='bbox 2314 2472 2724 2538; x_wconf 84' lang='lat' dir='ltr'>sententiam</span> 
     </span>
     <span class='ocr_line' id='line_1_17' title="bbox 508 2592 2725 2677; baseline -0 -16"><span class='ocrx_word' id='word_1_110' title='bbox 508 2613 725 2671; x_wconf 77' lang='lat' dir='ltr'>,suam</span> <span class='ocrx_word' id='word_1_111' title='bbox 769 2592 1325 2677; x_wconf 88' lang='lat' dir='ltr'>pronuntiaverit,</span> <span class='ocrx_word' id='word_1_112' title='bbox 1375 2609 1508 2660; x_wconf 91' lang='lat' dir='ltr'>non</span> <span class='ocrx_word' id='word_1_113' title='bbox 1559 2593 1767 2675; x_wconf 90' lang='lat' dir='ltr'>potui.</span> <span class='ocrx_word' id='word_1_114' title='bbox 1815 2593 2070 2660; x_wconf 75' lang='lat' dir='ltr'>Ussme</span> <span class='ocrx_word' id='word_1_115' title='bbox 2114 2593 2456 2674; x_wconf 87' lang='lat' dir='ltr'>integrum</span> <span class='ocrx_word' id='word_1_116' title='bbox 2492 2593 2725 2661; x_wconf 90' lang='lat' dir='ltr'>folium</span> 
     </span>
     <span class='ocr_line' id='line_1_18' title="bbox 527 2712 2724 2803; baseline -0.001 -19"><span class='ocrx_word' id='word_1_117' title='bbox 527 2720 802 2801; x_wconf 89' lang='lat' dir='ltr'>periisse</span> <span class='ocrx_word' id='word_1_118' title='bbox 849 2720 1083 2798; x_wconf 84' lang='lat' dir='ltr'>putat3</span> <span class='ocrx_word' id='word_1_119' title='bbox 1133 2715 1354 2781; x_wconf 71' lang='lat' dir='ltr'>Gon&#39;rz</span> <span class='ocrx_word' id='word_1_120' title='bbox 1383 2712 1434 2795; x_wconf 87' lang='lat'>¹)</span> <span class='ocrx_word' id='word_1_121' title='bbox 1474 2718 1706 2781; x_wconf 89' lang='lat' dir='ltr'>autem</span> <span class='ocrx_word' id='word_1_122' title='bbox 1746 2733 1879 2782; x_wconf 92' lang='lat' dir='ltr'>non</span> <span class='ocrx_word' id='word_1_123' title='bbox 1918 2717 2104 2782; x_wconf 83' lang='lat' dir='ltr'>videt</span> <span class='ocrx_word' id='word_1_124' title='bbox 2148 2724 2450 2803; x_wconf 87' lang='lat' dir='ltr'>„praeter</span> <span class='ocrx_word' id='word_1_125' title='bbox 2488 2733 2724 2783; x_wconf 87' lang='lat' dir='ltr'>versus</span> 
     </span>
     <span class='ocr_line' id='line_1_19' title="bbox 526 2830 2723 2922; baseline -0.001 -16"><span class='ocrx_word' id='word_1_126' title='bbox 526 2841 777 2922; x_wconf 87' lang='lat' dir='ltr'>aliquot</span> <span class='ocrx_word' id='word_1_127' title='bbox 823 2839 937 2920; x_wconf 90' lang='lat' dir='ltr'>qui</span> <span class='ocrx_word' id='word_1_128' title='bbox 981 2837 1063 2903; x_wconf 91' lang='lat' dir='ltr'>ad</span> <span class='ocrx_word' id='word_1_129' title='bbox 1105 2830 1495 2904; x_wconf 87' lang='lat' dir='ltr'>Palinurum</span> <span class='ocrx_word' id='word_1_130' title='bbox 1534 2838 1876 2920; x_wconf 90' lang='lat' dir='ltr'>pertinent</span> <span class='ocrx_word' id='word_1_131' title='bbox 1914 2838 2101 2919; x_wconf 88' lang='lat' dir='ltr'>plura</span> <span class='ocrx_word' id='word_1_132' title='bbox 2139 2837 2557 2903; x_wconf 89' lang='lat' dir='ltr'>intercidisse</span> <span class='ocrx_word' id='word_1_133' title='bbox 2594 2854 2723 2920; x_wconf 93' lang='lat' dir='ltr'>quo</span> 
     </span>
     <span class='ocr_line' id='line_1_20' title="bbox 528 2960 2726 3030; baseline -0.003 0"><span class='ocrx_word' id='word_1_134' title='bbox 528 2964 672 3030; x_wconf 91' lang='lat' dir='ltr'>iure</span> <span class='ocrx_word' id='word_1_135' title='bbox 717 2961 1191 3028; x_wconf 89' lang='lat' dir='ltr'>coniciamus.”</span> <span class='ocrx_word' id='word_1_136' title='bbox 1217 2960 1312 3025; x_wconf 93' lang='lat' dir='ltr'>De</span> <span class='ocrx_word' id='word_1_137' title='bbox 1351 2960 1474 3025; x_wconf 91' lang='lat' dir='ltr'>hac</span> <span class='ocrx_word' id='word_1_138' title='bbox 1509 2964 1742 3025; x_wconf 91' lang='lat' dir='ltr'>autem</span> <span class='ocrx_word' id='word_1_139' title='bbox 1780 2978 1849 3026; x_wconf 93' lang='lat' dir='ltr'>re</span> <span class='ocrx_word' id='word_1_140' title='bbox 1890 2960 2325 3025; x_wconf 90' lang='lat' dir='ltr'>consentiunt</span> <span class='ocrx_word' id='word_1_141' title='bbox 2365 2961 2492 3025; x_wconf 88' lang='lat' dir='ltr'>viri</span> <span class='ocrx_word' id='word_1_142' title='bbox 2514 2960 2726 3025; x_wconf 83' lang='lat' dir='ltr'>docti=</span> 
     </span>
     <span class='ocr_line' id='line_1_21' title="bbox 531 3081 2727 3170; baseline -0.002 -20"><span class='ocrx_word' id='word_1_143' title='bbox 531 3086 765 3151; x_wconf 85' lang='lat' dir='ltr'>verba:</span> <span class='ocrx_word' id='word_1_144' title='bbox 845 3100 1000 3170; x_wconf 88' lang='lat' dir='ltr'>„pro</span> <span class='ocrx_word' id='word_1_145' title='bbox 1070 3083 1136 3148; x_wconf 90' lang='lat' dir='ltr'>di</span> <span class='ocrx_word' id='word_1_146' title='bbox 1204 3081 1616 3148; x_wconf 90' lang='lat' dir='ltr'>immortales</span> <span class='ocrx_word' id='word_1_147' title='bbox 1691 3118 1761 3128; x_wconf 91' lang='lat'>—-</span> <span class='ocrx_word' id='word_1_148' title='bbox 1837 3082 2063 3148; x_wconf 87' lang='lat' dir='ltr'>ocius&#39;&#39;</span> <span class='ocrx_word' id='word_1_149' title='bbox 2135 3081 2444 3148; x_wconf 92' lang='lat' dir='ltr'>Palinuro</span> <span class='ocrx_word' id='word_1_150' title='bbox 2512 3081 2727 3147; x_wconf 89' lang='lat' dir='ltr'>danda</span> 
     </span>
     <span class='ocr_line' id='line_1_22' title="bbox 529 3203 2726 3290; baseline -0.002 -17"><span class='ocrx_word' id='word_1_151' title='bbox 529 3224 692 3290; x_wconf 89' lang='lat' dir='ltr'>esse,</span> <span class='ocrx_word' id='word_1_152' title='bbox 751 3210 953 3287; x_wconf 90' lang='lat' dir='ltr'>atque</span> <span class='ocrx_word' id='word_1_153' title='bbox 1012 3204 1191 3269; x_wconf 91' lang='lat' dir='ltr'>hunc</span> <span class='ocrx_word' id='word_1_154' title='bbox 1251 3207 1411 3269; x_wconf 88' lang='lat' dir='ltr'>ante</span> <span class='ocrx_word' id='word_1_155' title='bbox 1473 3203 1583 3270; x_wconf 88' lang='lat' dir='ltr'>illa</span> <span class='ocrx_word' id='word_1_156' title='bbox 1643 3205 1779 3269; x_wconf 90' lang='lat' dir='ltr'>iam</span> <span class='ocrx_word' id='word_1_157' title='bbox 1843 3203 2159 3268; x_wconf 90' lang='lat' dir='ltr'>nonnulla</span> <span class='ocrx_word' id='word_1_158' title='bbox 2217 3220 2365 3269; x_wconf 92' lang='lat' dir='ltr'>esse</span> <span class='ocrx_word' id='word_1_159' title='bbox 2428 3203 2726 3269; x_wconf 90' lang='lat' dir='ltr'>locutum</span> 
     </span>
     <span class='ocr_line' id='line_1_23' title="bbox 532 3325 2727 3410; baseline -0.002 -16"><span class='ocrx_word' id='word_1_160' title='bbox 532 3345 802 3395; x_wconf 89' lang='lat' dir='ltr'>necesse</span> <span class='ocrx_word' id='word_1_161' title='bbox 864 3345 1034 3394; x_wconf 90' lang='lat' dir='ltr'>esse.</span> <span class='ocrx_word' id='word_1_162' title='bbox 1084 3328 1256 3393; x_wconf 83' lang='lat' dir='ltr'>Tum</span> <span class='ocrx_word' id='word_1_163' title='bbox 1303 3327 1540 3393; x_wconf 84' lang='lat' dir='ltr'>verba:</span> <span class='ocrx_word' id='word_1_164' title='bbox 1601 3326 1797 3410; x_wconf 89' lang='lat' dir='ltr'>„quid</span> <span class='ocrx_word' id='word_1_165' title='bbox 1857 3362 1920 3371; x_wconf 95' lang='lat'>—</span> <span class='ocrx_word' id='word_1_166' title='bbox 1978 3325 2157 3391; x_wconf 88' lang='lat' dir='ltr'>tollis</span> <span class='ocrx_word' id='word_1_167' title='bbox 2173 3325 2251 3390; x_wconf 80' lang='lat'>?”</span> <span class='ocrx_word' id='word_1_168' title='bbox 2298 3325 2727 3401; x_wconf 84' lang='lat' dir='ltr'>Phaedrome,</span> 
     </span>
     <span class='ocr_line' id='line_1_24' title="bbox 537 3447 2726 3536; baseline -0.002 -20"><span class='ocrx_word' id='word_1_169' title='bbox 537 3451 946 3536; x_wconf 88' lang='lat' dir='ltr'>„parasitum</span> <span class='ocrx_word' id='word_1_170' title='bbox 1005 3486 1066 3495; x_wconf 98' lang='lat'><strong>—</strong></span> <span class='ocrx_word' id='word_1_171' title='bbox 1127 3449 1327 3528; x_wconf 85' lang='lat' dir='ltr'>agat&#39;&#39;</span> <span class='ocrx_word' id='word_1_172' title='bbox 1376 3448 1703 3529; x_wconf 87' lang='lat' dir='ltr'>Palinuro,</span> <span class='ocrx_word' id='word_1_173' title='bbox 1754 3500 1784 3534; x_wconf 89' lang='lat'>„</span> <span class='ocrx_word' id='word_1_174' title='bbox 1793 3463 1955 3513; x_wconf 91' lang='lat' dir='ltr'>sane</span> <span class='ocrx_word' id='word_1_175' title='bbox 1993 3448 2275 3513; x_wconf 86' lang='lat' dir='ltr'>censeo”</span> <span class='ocrx_word' id='word_1_176' title='bbox 2318 3447 2726 3512; x_wconf 91' lang='lat' dir='ltr'>Phaedromo</span> 
     </span>
     <span class='ocr_line' id='line_1_25' title="bbox 529 3573 1791 3638; baseline 0.001 -2"><span class='ocrx_word' id='word_1_177' title='bbox 529 3573 940 3638; x_wconf 89' lang='lat' dir='ltr'>tribuuntur.</span> <span class='ocrx_word' id='word_1_178' title='bbox 1788 3634 1791 3637; x_wconf 20' lang='lat'><strong>⁴</strong></span> 
     </span>
     <span class='ocr_line' id='line_1_26' title="bbox 623 3690 2730 3773; baseline -0.002 -14"><span class='ocrx_word' id='word_1_179' title='bbox 623 3694 749 3760; x_wconf 83' lang='lat' dir='ltr'>Sed</span> <span class='ocrx_word' id='word_1_180' title='bbox 795 3710 1116 3759; x_wconf 85' lang='lat' dir='ltr'>reverane</span> <span class='ocrx_word' id='word_1_181' title='bbox 1160 3696 1313 3773; x_wconf 92' lang='lat' dir='ltr'>post</span> <span class='ocrx_word' id='word_1_182' title='bbox 1360 3710 1461 3759; x_wconf 83' lang='lat' dir='ltr'>VS.</span> <span class='ocrx_word' id='word_1_183' title='bbox 1512 3691 1641 3758; x_wconf 86' lang='lat'>273</span> <span class='ocrx_word' id='word_1_184' title='bbox 1687 3692 1998 3759; x_wconf 92' lang='lat' dir='ltr'>lacunam</span> <span class='ocrx_word' id='word_1_185' title='bbox 2045 3695 2432 3757; x_wconf 90' lang='lat' dir='ltr'>statuamus</span> <span class='ocrx_word' id='word_1_186' title='bbox 2476 3690 2575 3755; x_wconf 91' lang='lat' dir='ltr'>ita</span> <span class='ocrx_word' id='word_1_187' title='bbox 2620 3706 2730 3755; x_wconf 92' lang='lat' dir='ltr'>ne-</span> 
     </span>
     <span class='ocr_line' id='line_1_27' title="bbox 529 3813 2725 3895; baseline -0.003 -13"><span class='ocrx_word' id='word_1_188' title='bbox 529 3833 716 3883; x_wconf 87' lang='lat' dir='ltr'>cesse</span> <span class='ocrx_word' id='word_1_189' title='bbox 799 3816 956 3881; x_wconf 79' lang='lat' dir='ltr'>est?</span> <span class='ocrx_word' id='word_1_190' title='bbox 1041 3815 1275 3881; x_wconf 89' lang='lat' dir='ltr'>Nonne</span> <span class='ocrx_word' id='word_1_191' title='bbox 1353 3832 1617 3881; x_wconf 88' lang='lat' dir='ltr'>sumere</span> <span class='ocrx_word' id='word_1_192' title='bbox 1684 3816 1840 3880; x_wconf 91' lang='lat' dir='ltr'>licet</span> <span class='ocrx_word' id='word_1_193' title='bbox 1910 3830 2195 3895; x_wconf 89' lang='lat' dir='ltr'>coquum</span> <span class='ocrx_word' id='word_1_194' title='bbox 2264 3819 2417 3893; x_wconf 90' lang='lat' dir='ltr'>post</span> <span class='ocrx_word' id='word_1_195' title='bbox 2486 3813 2725 3877; x_wconf 87' lang='lat' dir='ltr'>verba:</span> 
     </span>
     <span class='ocr_line' id='line_1_28' title="bbox 538 3936 2730 4025; baseline -0.003 -22"><span class='ocrx_word' id='word_1_196' title='bbox 538 3955 743 4025; x_wconf 90' lang='lat' dir='ltr'>„quae</span> <span class='ocrx_word' id='word_1_197' title='bbox 799 3955 906 4003; x_wconf 92' lang='lat' dir='ltr'>res</span> <span class='ocrx_word' id='word_1_198' title='bbox 951 3936 1125 4003; x_wconf 91' lang='lat' dir='ltr'>male</span> <span class='ocrx_word' id='word_1_199' title='bbox 1171 3941 1399 4004; x_wconf 89' lang='lat' dir='ltr'>vortat</span> <span class='ocrx_word' id='word_1_200' title='bbox 1446 3936 1614 4003; x_wconf 89' lang='lat' dir='ltr'>tibi”</span> <span class='ocrx_word' id='word_1_201' title='bbox 1639 3937 2078 4002; x_wconf 89' lang='lat' dir='ltr'>introiturum</span> <span class='ocrx_word' id='word_1_202' title='bbox 2120 3936 2363 4015; x_wconf 85' lang='lat' dir='ltr'>subito,</span> <span class='ocrx_word' id='word_1_203' title='bbox 2390 3950 2545 3999; x_wconf 90' lang='lat' dir='ltr'>cum</span> <span class='ocrx_word' id='word_1_204' title='bbox 2590 3948 2730 4012; x_wconf 91' lang='lat' dir='ltr'>pro·</span> 
     </span>
     <span class='ocr_line' id='line_1_29' title="bbox 530 4056 2732 4141; baseline -0.003 -16"><span class='ocrx_word' id='word_1_205' title='bbox 530 4061 638 4125; x_wconf 92' lang='lat' dir='ltr'>cul</span> <span class='ocrx_word' id='word_1_206' title='bbox 697 4059 1062 4141; x_wconf 89' lang='lat' dir='ltr'>conspiciat</span> <span class='ocrx_word' id='word_1_207' title='bbox 1123 4059 1453 4140; x_wconf 90' lang='lat' dir='ltr'>quendam</span> <span class='ocrx_word' id='word_1_208' title='bbox 1508 4059 1866 4141; x_wconf 84' lang='lat' dir='ltr'>hominem,</span> <span class='ocrx_word' id='word_1_209' title='bbox 1918 4076 2117 4141; x_wconf 91' lang='lat' dir='ltr'>quem</span> <span class='ocrx_word' id='word_1_210' title='bbox 2164 4056 2537 4139; x_wconf 89' lang='lat' dir='ltr'>parasitum</span> <span class='ocrx_word' id='word_1_211' title='bbox 2584 4071 2732 4119; x_wconf 90' lang='lat' dir='ltr'>esse</span> 
     </span>
     <span class='ocr_line' id='line_1_30' title="bbox 532 4174 2733 4267; baseline -0.005 -19"><span class='ocrx_word' id='word_1_212' title='bbox 532 4182 918 4258; x_wconf 87' lang='lat' dir='ltr'>arbitratur,</span> <span class='ocrx_word' id='word_1_213' title='bbox 967 4183 1455 4248; x_wconf 90' lang='lat' dir='ltr'>consistentem</span> <span class='ocrx_word' id='word_1_214' title='bbox 1493 4199 1721 4247; x_wconf 86' lang='lat' dir='ltr'>secum</span> <span class='ocrx_word' id='word_1_215' title='bbox 1761 4182 1974 4262; x_wconf 90' lang='lat' dir='ltr'>loqui:</span> <span class='ocrx_word' id='word_1_216' title='bbox 2023 4198 2179 4267; x_wconf 86' lang='lat' dir='ltr'>„pro</span> <span class='ocrx_word' id='word_1_217' title='bbox 2217 4180 2283 4244; x_wconf 90' lang='lat' dir='ltr'>di</span> <span class='ocrx_word' id='word_1_218' title='bbox 2320 4174 2733 4244; x_wconf 89' lang='lat' dir='ltr'>immortales</span> 
     </span>
    </p>
   </div>
   <div class='ocr_carea' id='block_1_3' title="bbox 687 4335 931 4343">
    <p class='ocr_par' dir='ltr' id='par_1_3' title="bbox 687 4335 931 4343">
     <span class='ocr_line' id='line_1_31' title="bbox 687 4335 931 4343; baseline 0 0"><span class='ocrx_word' id='word_1_219' title='bbox 687 4335 931 4343; x_wconf 95' lang='lat' dir='ltr'> </span> 
     </span>
    </p>
   </div>
   <div class='ocr_carea' id='block_1_4' title="bbox 610 4422 1182 4495">
    <p class='ocr_par' dir='ltr' id='par_1_4' title="bbox 610 4422 1182 4495">
     <span class='ocr_line' id='line_1_32' title="bbox 610 4422 1182 4495; baseline 0 -20"><span class='ocrx_word' id='word_1_220' title='bbox 610 4425 664 4491; x_wconf 82' lang='lat' dir='ltr'>l)</span> <span class='ocrx_word' id='word_1_221' title='bbox 707 4422 874 4477; x_wconf 76' lang='lat' dir='ltr'>Praef.</span> <span class='ocrx_word' id='word_1_222' title='bbox 913 4442 962 4495; x_wconf 92' lang='lat' dir='ltr'>p.</span> <span class='ocrx_word' id='word_1_223' title='bbox 1001 4422 1182 4477; x_wconf 85' lang='lat' dir='ltr'>XXII.</span> 
     </span>
    </p>
   </div>
  </div>
 </body>
</html>
