3459 5300
1814 559 1897 622 24

737 733 852 815 qui
914 738 1089 800 teste
1145 737 1461 803 Omonfflo
1508 736 1743 819 (ipsius
1790 737 2158 819 disputatio
2206 739 2371 806 mihi
2418 757 2575 822 prae
2624 741 2935 807 manibus

737 873 870 921 non
930 856 1084 940 fuit)
1132 856 1303 922 vidit
1357 858 1639 925 formam
1687 859 2014 924 dierectus
2059 860 2211 926 inde
2260 864 2500 927 natum
2549 879 2715 947 esse,
2764 862 2935 944 quod

738 979 1030 1058 primum
1071 979 1178 1044 vel
1216 979 1514 1046 derectus
1554 981 1658 1046 vel
1704 981 1997 1047 directus
2044 983 2459 1068 scriberetur,
2490 984 2723 1050 deinde
2770 984 2936 1051 duae

738 1100 910 1189 istae
980 1101 1281 1167 vocabuli
1342 1102 1593 1182 figurae
1654 1103 1831 1168 inter
1882 1121 1956 1169 se
2001 1105 2563 1184 permiscerentur
2599 1104 2684 1189 ¹);
2733 1107 2935 1172 miror

738 1221 943 1300 igitur
1009 1223 1401 1306 Omousnm,
1473 1224 1632 1290 licet
1700 1225 1934 1307 probet
2002 1226 2378 1307 opinionem
2435 1227 2933 1311 Nmmmsnffn,

739 1359 1008 1408 servare
1067 1344 1352 1410 formam
1415 1346 1742 1412 dierectus
1760 1367 1777 1424 ;
1839 1364 2000 1412 nam
2062 1347 2119 1412 si
2169 1348 2331 1412 haec
2374 1325 2495 1413 ita.
2518 1350 2807 1433 exstitit,
2857 1354 2939 1416 ut

740 1463 993 1530 dictum
1059 1468 1180 1548 est,
1251 1466 1439 1530 nihili
1499 1484 1647 1532 eam
1709 1486 1859 1534 esse
1920 1472 2307 1534 statuamus
2369 1486 2640 1535 necesse
2701 1474 2809 1536 est
2869 1475 2939 1536 et

741 1589 862 1651 aut
923 1586 1214 1652 directus
1277 1591 1398 1652 aut
1453 1588 1755 1654 derectus
1802 1590 2225 1655 scribendum
2272 1594 2399 1656 est.
2448 1591 2661 1671 Quam
2707 1595 2937 1658 autem

742 1707 882 1772 vim
945 1707 1478 1775 Nmumsmpms
1538 1711 1687 1775 voci
1749 1710 2177 1776 tribuendam
2238 1727 2389 1776 esse
2448 1714 2667 1793 putet,
2728 1711 2937 1777 efficio

741 1845 824 1894 ex
888 1829 1026 1893 his:
1092 1829 1324 1895 scribit
1389 1830 1685 1896 ‘Journal
1748 1830 1821 1896 of
1873 1830 2235 1914 Philology’
2282 1832 2451 1898 XIII
2497 1850 2559 1914 p.
2611 1833 2697 1898 75
2741 1833 2935 1898 haec:

749 1949 1168 2035 „dier-ectum,
1233 1952 1546 2018 divisum.
1609 1952 1823 2019 (alloes,
1889 1953 2063 2019 Hild.
2132 1955 2291 2020 This
2365 1955 2541 2035 gloss
2624 1955 2938 2021 confirms

742 2071 857 2136 the
905 2073 1079 2138 view
1121 2073 1196 2138 of
1222 2073 1440 2154 diriyo
1465 2074 1681 2139 which
1720 2074 1754 2139 I
1790 2075 2143 2156 expressed
2184 2075 2252 2140 in
2294 2094 2335 2141 a
2372 2076 2616 2142 former
2656 2077 2939 2142 number

741 2193 815 2258 of
867 2193 1008 2260 this
1072 2193 1423 2275 Journa1'';
1487 2197 1690 2275 atque
1748 2196 2111 2261 eorundem
2175 2195 2544 2262 Annalium
2591 2197 2717 2264 vol.
2767 2198 2939 2264 XIV

745 2332 807 2395 p.
873 2316 992 2378 30:
1063 2315 1510 2399 „derectarius
1575 2315 1946 2400 κατάρατος,
2015 2316 2231 2382 Gloss.
2287 2316 2436 2383 Lat.
2486 2318 2714 2385 Graec.
2764 2319 2937 2403 (Phi-

742 2435 1070 2514 loxenus).
1137 2436 1296 2502 This
1357 2438 1533 2517 gloss
1595 2442 1914 2520 supports
1974 2439 2091 2504 the
2138 2440 2375 2523 theory
2424 2441 2643 2506 which
2688 2442 2720 2507 I
2766 2442 2941 2508 have

743 2557 1009 2640 already
1057 2558 1467 2626 maintained
1514 2559 1583 2624 in
1631 2560 1769 2626 this
1816 2560 2111 2638 Journal,
2158 2561 2311 2626 that
2357 2562 2718 2627 dierectum
2765 2565 2825 2629 is
2871 2564 2939 2629 in

745 2696 930 2745 some
998 2698 1185 2747 cases
1254 2699 1295 2747 a
1354 2683 1734 2762 corruption
1803 2684 1903 2749 for
1964 2684 2365 2749 derectum.’'
2428 2684 2725 2751 Eandem
2786 2703 2939 2767 ergo

743 2801 878 2866 fere
920 2804 1062 2869 voci
1101 2804 1240 2869 vim
1290 2806 1561 2885 praebet
1607 2823 1813 2887 quam
1860 2806 2062 2871 ceteri
2108 2806 2238 2871 viri
2279 2807 2475 2882 docti,
2515 2807 2940 2873 contumelio·

745 2940 912 2988 sam.
975 2924 1126 2990 Alio
1173 2937 1446 3005 prorsus
1493 2926 1686 2991 modo
1736 2943 1877 2991 rem
1926 2944 2000 2992 se
2048 2927 2285 2992 habere
2332 2944 2727 3008 persuasum
2776 2928 2942 2993 mihi

744 3047 885 3108 est:
950 3062 1180 3111 vocem
1245 3049 1488 3112 natura
1548 3064 1672 3112 sua
1734 3048 2283 3139 contumeliosam
2338 3064 2485 3114 esse
2533 3064 2719 3128 nego,
2768 3049 2937 3131 quod

726 3164 1023 3231 dilucide
1081 3167 1500 3233 demonstrat
1561 3184 1801 3233 versus
1863 3168 2463 3247 Menaechmorum,
2525 3170 2641 3235 ubi
2701 3185 2941 3236 servus

743 3287 1037 3367 loquitur
1095 3287 1174 3352 de
1228 3304 1371 3369 ero;
1420 3305 1838 3370 nequaquam
1886 3294 2117 3355 autem
2164 3290 2381 3355 iratus
2428 3293 2555 3367 est,
2602 3290 2810 3355 immo
2856 3290 2939 3355 la-

746 3410 1114 3482 mental-mr,
1177 3409 1348 3489 quod
1409 3427 1564 3475 erus
1626 3411 1867 3491 praeda
1927 3411 2103 3476 facta
2145 3411 2237 3476 sit
2282 3412 2670 3495 meretricis,
2718 3412 2945 3493 Atque

745 3531 805 3595 si
865 3547 995 3595 vox
1059 3530 1338 3595 convicii
1388 3530 1528 3595 vim
1578 3531 1821 3597 habere
1868 3533 2200 3598 censenda
2246 3536 2371 3616 est,
2422 3549 2540 3597 cur
2587 3550 2717 3597 non
2762 3533 2940 3598 adhi-

747 3652 940 3716 betur
1001 3669 1059 3716 e.
1122 3667 1182 3731 g.
1247 3651 1482 3719 Pseud.
1534 3652 1665 3717 360
1713 3669 1875 3734 sqq„
1926 3654 2039 3718 ubi
2088 3654 2392 3719 omnium
2440 3654 2577 3719 fere
2620 3654 2939 3720 convicio-

745 3790 896 3838 rum
940 3771 1233 3838 collectio
1279 3777 1508 3839 exstat
1529 3774 1564 3837 ‘?

835 3894 979 3959 Iam
1029 3911 1230 3975 supra
1276 3895 1570 3960 vidimus
1617 3912 1849 3961 vocem
1896 3913 2158 3976 semper
2204 3896 2469 3962 adnecti
2510 3899 2730 3963 verbis
2768 3915 2943 3964 amo·

747 4016 965 4079 vendi.
1032 4015 1196 4095 Quid
1256 4018 1486 4081 autem
1548 4016 1765 4096 magis
1826 4020 2352 4083 consentaneum
2400 4023 2506 4083 est
2551 4036 2752 4101 quam
2797 4019 2941 4084 eius

745 4135 919 4200 modi
985 4136 1209 4202 verbis
1267 4138 1539 4217 adiungi
1602 4155 1850 4222 vocem,
1902 4156 2071 4223 quae
2117 4140 2444 4207 rationem
2493 4140 2758 4224 indicet,
2810 4158 2942 4223 qua

817 4408 872 4475 1)
907 4406 1104 4461 Eodem
1141 4406 1300 4461 modo
1338 4406 1502 4461 Merc.
1542 4409 1606 4461 58
1645 4424 1740 4478 pro
1776 4408 1938 4463 didier
1976 4408 2065 4464 OD
2102 4409 2299 4465 habent
2334 4411 2551 4477 (laedere,
2589 4411 2630 4464 B
2668 4411 2749 4465 die
2786 4410 2939 4465 heret.
