3459 5300
1614 572 1743 640 129

661 756 1102 821 Offenduntur
1145 757 1378 820 autem
1411 754 1537 820 viri
1576 755 1754 820 docti
1784 755 2415 822 commemoratione
2439 755 2773 820 lenonum.

571 877 929 944 LAMBmus
978 893 1209 942 vocem
1252 875 1548 941 mutavit
1585 875 1654 939 in
1693 875 2007 951 militum,
2033 875 2266 940 DOUSA
2304 874 2375 940 in
2413 877 2771 960 latronum,

571 1015 700 1080 quo
747 1001 1011 1080 recepto
1057 998 1474 1064 anoxmsnn
1521 997 1938 1078 transposuit
1984 998 2323 1063 latronum
2360 1015 2553 1081 pars,
2604 999 2772 1064 vide-

569 1118 725 1186 licet
771 1137 906 1186 non
953 1120 1226 1185 credens
1273 1115 1611 1202 Sisennae,
1661 1119 1777 1200 qui
1822 1118 2170 1184 contendit
2215 1122 2482 1199 poetam
2527 1119 2597 1184 in
2648 1121 2774 1185 Ru·

572 1242 773 1308 dente
815 1242 1100 1324 priorem
1134 1241 1460 1325 syllabam
1486 1242 1671 1308 vocis
1695 1244 1869 1308 latro
1895 1241 2093 1308 metri
2117 1258 2321 1306 causa
2345 1241 2773 1322 produxisse:

536 1362 796 1427 'Rufin
853 1361 1176 1438 (Gramm.
1231 1361 1378 1428 Lat.
1428 1377 1555 1428 rec.
1604 1363 1779 1428 ΚΕΗ,
1828 1362 1945 1438 VI,
1997 1362 2035 1425 2
2085 1380 2146 1444 p.
2201 1360 2393 1445 561):
2452 1360 2775 1448 „Sisenna

572 1483 642 1548 in
706 1484 1018 1550 Rudente
1081 1485 1218 1550 sic;
1250 1530 1441 1549 .....
1505 1488 1742 1567 postea
1802 1484 1932 1549 sic:
1997 1482 2422 1549 latronem
2470 1483 2775 1565 producit

574 1606 773 1670 metri
817 1605 1084 1671 causa”.
1159 1605 1340 1686 Quod
1393 1621 1718 1670 verumne
1788 1605 1881 1670 sit
1948 1621 2193 1682 annon,
2265 1607 2567 1670 statuere
2638 1622 2771 1671 non

575 1727 829 1808 ausim;
889 1743 1051 1792 sane
1098 1743 1232 1792 non
1279 1725 1468 1793 credo
1515 1729 1784 1808 poetam
1832 1727 2095 1791 metri
2141 1742 2402 1791 causa
2447 1725 2773 1810 syllabam

576 1848 1000 1930 produxisse3
1067 1847 1127 1912 si
1189 1845 1475 1912 Sisenna
1536 1846 1608 1912 in
1669 1847 1891 1928 aliquo
1948 1847 2169 1912 Plauti
2216 1863 2416 1915 versu
2463 1865 2598 1913 non
2644 1864 2776 1913 cor-

573 1974 772 2051 rupto
834 1970 1100 2036 invenit
1160 1970 1330 2034 latro
1396 1969 1714 2051 producta
1775 1970 1990 2051 priore
2052 1968 2326 2054 syllaba,
2390 1971 2546 2036 hinc
2591 1972 2780 2053 patet

575 2091 956 2173 antiquitus
994 2108 1144 2156 eam
1182 2089 1508 2173 syllabam
1549 2093 1792 2156 natura
1824 2091 2088 2171 longam
2113 2090 2322 2157 fuisse
2344 2107 2551 2173 aeque
2576 2094 2779 2177 atque

573 2215 756 2282 vocis
802 2212 1101 2278 eiusdem
1147 2212 1398 2279 formae
1445 2213 1718 2278 latrare.
1759 2212 2015 2279 Verum
2062 2213 2380 2294 quoniam
2426 2231 2560 2278 vox
2608 2215 2778 2281 latro

575 2355 706 2402 non
748 2337 980 2402 exstat
1018 2335 1089 2399 in
1128 2334 1451 2411 Rudente,
1494 2334 1621 2400 viri
1662 2333 1840 2400 docti
1879 2334 2199 2400 Sisennae
2239 2336 2777 2401 observationem

571 2456 981 2522 rettulerunt
1026 2456 1110 2522 ad
1157 2460 1464 2522 nostrum
1511 2455 1730 2522 locum
1778 2456 2209 2523 Curculionis.
2260 2457 2444 2537 Quod
2484 2463 2563 2521 ut
2597 2461 2777 2523 recte

571 2579 851 2645 fecerint
888 2595 1139 2644 vereor.
1180 2578 1450 2643 Etenim
1488 2581 1681 2644 estne
1719 2577 1877 2643 illud
1901 2582 2047 2644 tam
2072 2579 2410 2661 proprium
2434 2577 2776 2644 latronum

574 2703 615 2767 i.
658 2718 713 2767 e.
781 2700 1095 2767 ‘militum
1162 2702 1460 2768 mercede
1521 2701 2029 2768 conductorum'
2092 2701 2391 2767 deserere
2451 2701 2773 2767 libertos?

573 2822 828 2889 Notum
874 2828 980 2889 est
1027 2823 1204 2888 inter
1251 2826 1610 2903 patronum
1647 2825 1850 2903 atque
1889 2823 2205 2888 libertum
2243 2824 2591 2888 exstitisse
2633 2823 2774 2889 vin-

571 2946 797 3011 culum
833 2945 1127 3025 pietatiS,
1166 2948 1369 3025 atque
1409 2947 1770 3025 patronum
1810 2945 2096 3025 turpiter
2135 2961 2348 3025 agere,
2377 2944 2435 3010 si
2457 2944 2770 3009 libertum

574 3068 857 3133 deserat.
921 3066 1088 3147 Quid
1134 3066 1356 3147 igitur,
1407 3066 1466 3131 si
1510 3064 1689 3147 Lyco
1735 3065 1951 3131 dicere
1998 3065 2240 3131 voluit:
2303 3068 2417 3151 „tu
2464 3066 2629 3131 facis
2676 3083 2773 3131 sa·

572 3186 866 3270 pientius
932 3204 1134 3269 quam
1203 3204 1246 3267 p
1269 3205 1310 3252 a
1335 3205 1368 3252 r
1391 3204 1424 3252 s
1491 3186 1840 3268 lenonum;
1908 3186 2028 3252 soli
2088 3187 2159 3251 hi
2221 3186 2357 3252 fere
2415 3203 2774 3268 eorumque

574 3312 851 3374 tantum
895 3325 1094 3390 pars
1141 3308 1222 3373 ad
1270 3324 1421 3373 eam
1467 3309 1957 3391 turpitudinem
1998 3310 2304 3391 veniunt,
2344 3312 2425 3374 ut
2462 3310 2775 3375 deserant

571 3430 940 3496 libertos''‘?
1009 3430 1172 3495 Inde
1242 3430 1414 3510 quod
1485 3448 1641 3495 cum
1709 3431 1968 3497 latrone
2028 3429 2205 3513 Lyco
2265 3430 2575 3513 loquitur,
2640 3447 2774 3495 non

572 3552 944 3618 necessario
994 3552 1296 3632 sequitur
1339 3567 1495 3617 eum
1542 3552 1715 3634 quod
1762 3553 1921 3619 facit
1969 3552 2592 3635 Therapontigonus
2640 3568 2773 3616 non

573 3689 954 3754 comparare
1015 3689 1208 3754 posse
1259 3690 1414 3738 cum
1458 3674 1562 3755 iis,
1613 3691 1784 3755 quae
1831 3673 2132 3739 nonnulli
2175 3673 2433 3739 faciunt
2477 3670 2769 3737 lenones.

572 3795 669 3860 Cf.
737 3795 916 3860 Pers.
983 3794 1112 3859 433
1176 3811 1295 3877 sq.,
1360 3794 1474 3859 ubi
1533 3795 1682 3861 leno
1745 3795 2071 3862 Dordalus
2129 3796 2291 3861 dicit
2352 3794 2435 3861 ad
2498 3809 2774 3859 servum

572 3916 911 3981 Toxilum:

756 4039 999 4103 Mirum
1047 4038 1207 4120 quin
1252 4037 1381 4102 tibi
1425 4053 1544 4117 ego
1589 4037 1943 4115 crederem,
1993 4041 2072 4104 ut
2118 4039 2297 4103 idem
2345 4036 2507 4103 mihi

757 4161 1035 4226 Faceres
1078 4159 1251 4241 quod
1301 4160 1546 4239 partim
1593 4160 1851 4225 faciunt
1897 4161 2291 4241 arqentarii.

668 4283 786 4348 Vs.
840 4284 968 4347 5429
1023 4298 1223 4361 supra
1264 4280 1465 4346 talem
1507 4281 1849 4362 exscripsi,
1890 4280 2155 4363 qualem
2203 4281 2473 4363 praebet
2511 4278 2647 4345 cod.
2694 4280 2763 4363 B,

577 4405 691 4487 qui
728 4421 884 4470 eum
919 4402 1170 4485 Lyconi
1207 4403 1577 4467 continuat.
1609 4403 1671 4469 V
1689 4403 1740 4466 E
1758 4404 1789 4467 I
1812 4408 2043 4469 autem
2069 4404 2294 4469 versui
2328 4401 2774 4484 praemittunt

2508 4523 2537 4569 9
