3459 5300
1382 1449 1760 1534 CAPUT
1824 1451 1924 1536 X.

1093 1919 1198 1987 De
1246 1920 1687 1988 Curculionis
1733 1923 1892 1989 actu
1938 1924 2215 2004 quarto.

646 2125 747 2172 vs.
796 2107 947 2172 488.
998 2108 1223 2173 Rebus
1268 2109 1458 2174 intus
1501 2109 1789 2190 peractis
1835 2108 2138 2176 Curculio
2186 2109 2538 2192 Cappadox
2576 2110 2756 2194 Lyco

554 2228 732 2295 foras
793 2229 1175 2310 procedunt.
1241 2229 1542 2296 Curculio
1604 2231 1932 2310 virginem
1995 2248 2224 2298 secum
2284 2233 2574 2312 abducit,
2623 2251 2756 2316 qua

555 2351 809 2432 praeire
855 2352 1060 2429 iussa,
1108 2353 1192 2417 ad
1235 2352 1544 2418 lenonem
1592 2369 1664 2419 se
1711 2353 1818 2419 his
1862 2355 2201 2419 convertit
2248 2355 2502 2420 verbis:

737 2474 823 2540 Et
860 2491 1102 2540 aurum
1141 2480 1211 2541 et
1259 2479 1521 2541 vestem
1566 2492 1839 2542 omnem
1875 2495 2072 2542 suam
2107 2494 2256 2543 esse
2294 2478 2514 2544 aiebat
2550 2495 2754 2559 quam

1797 2682 1808 2705 „
2138 2600 2325 2680 [haec
2369 2601 2664 2669 haberet.

646 2720 754 2787 Sic
798 2724 978 2788 certe
1023 2720 1093 2787 in
1137 2720 1619 2788 recentioribus
1659 2724 1769 2788 est
1807 2722 2239 2805 editionibus3
2282 2742 2487 2806 quam
2523 2729 2754 2791 autem

557 2843 937 2910 coniectura
995 2846 1102 2911 est
1165 2844 1613 2925 TAUBMANun
1678 2861 1840 2910 nam
1887 2843 2026 2911 cod.
2075 2846 2131 2910 B
2179 2845 2384 2912 habet
2433 2847 2752 2929 cuiquam

557 2964 861 3047 idemque
922 2966 976 3031 E
1034 2967 1131 3043 (at
1192 2983 1397 3046 supra
1451 2982 1723 3031 versum
1771 2983 1860 3030 m.
1913 2966 1952 3030 3
2003 2968 2339 3049 quicquid)
2359 2988 2374 3048 ;
2425 2967 2476 3031 F
2523 2971 2753 3033 autem

557 3091 630 3153 et
674 3088 875 3153 editio
920 3088 1229 3169 princeps
1275 3088 1607 3170 quicquid,
1653 3088 1828 3170 ‘quod
1865 3089 2069 3155 etiam
2111 3090 2152 3155 J
2191 3090 2430 3155 habere
2468 3089 2754 3155 videtur.

559 3211 772 3293 Quam
817 3210 1167 3276 lectionem
1216 3209 1359 3275 iure
1406 3209 1734 3290 recepisse
1780 3209 2187 3277 anpnmtm
2231 3214 2414 3293 puto.
2461 3209 2532 3275 Si
2571 3211 2753 3276 enim

557 3330 839 3411 legimus
918 3350 1125 3413 quam
1204 3331 1360 3396 hae-c
1438 3330 1713 3413 haberet,
1787 3332 1911 3398 hoc
1979 3332 2516 3399 additamentum
2585 3332 2756 3398 satis

559 3454 796 3520 inutile
877 3454 1160 3518 videtur.
1266 3452 1413 3519 Non
1490 3452 1667 3518 idem
1743 3453 1824 3518 de
1890 3454 2204 3535 quioquid
2272 3455 2429 3519 haec
2496 3454 2759 3519 haberet

560 3577 966 3643 censendum
1028 3579 1155 3654 est,
1218 3575 1391 3657 quod
1450 3575 1664 3641 multo
1725 3580 1834 3642 est
1893 3576 2226 3643 efficacius
2271 3576 2755 3657 disertiusque:

559 3715 695 3763 non
735 3698 951 3765 solum
988 3698 1269 3777 virginis
1304 3714 1549 3763 aurum
1585 3699 1655 3762 et
1695 3700 1959 3763 vestem
2000 3697 2233 3763 militis
2270 3714 2416 3763 esse
2452 3696 2756 3762 Curculio

555 3820 735 3896 dicit,
798 3820 912 3885 sed
972 3818 1279 3901 quicquid
1340 3835 1419 3884 ea
1462 3819 1727 3900 habeat,
1779 3818 1961 3885 nulla
2006 3835 2079 3883 re
2125 3820 2427 3899 excepta.
2474 3814 2756 3883 Accedit

555 3941 727 4025 quod
807 3942 1117 4022 corrupte
1194 3939 1521 4004 traditum
1605 3942 1917 4022 cuiquam
1992 3940 2208 4005 multo
2277 3937 2534 4005 facilius
2600 3937 2758 4003 oriri

558 4064 777 4145 potuit
856 4078 942 4127 ex
1022 4060 1341 4143 quioquid
1418 4078 1623 4142 quam
1700 4078 1788 4127 ex
1857 4079 2083 4143 quam.
2155 4059 2372 4142 Supra
2441 4057 2759 4140 quicquid

558 4185 884 4266 scriptum
930 4183 1037 4248 est
1084 4198 1304 4264 quam,
1354 4182 1527 4262 quod
1573 4198 1728 4247 cum
1766 4183 1981 4264 priore
2019 4185 2210 4264 parte
2250 4178 2550 4248 vocabuli
2592 4180 2762 4261 quic-

558 4304 723 4387 quid
760 4302 1005 4369 coaluit
1043 4301 1113 4365 in
1153 4302 1529 4382 quicquam,
1558 4301 1733 4368 unde
1755 4320 1929 4369 novo
1955 4303 2125 4368 vitio
2151 4306 2389 4367 natum
2418 4301 2758 4381 cuiquam.

558 4424 655 4489 De
731 4427 1033 4504 correpta
1112 4422 1329 4503 priore
1413 4421 1595 4487 vocis
1673 4424 1990 4504 quicquid
2055 4421 2312 4506 syllaba
2379 4420 2766 4486 conferatur

2463 4539 2492 4587 8
