3459 5300
1860 601 1902 664 6

775 788 882 852 vel
943 786 1435 852 nudiustertius
1497 788 1566 851 et
1627 785 1769 849 heri
1830 783 2247 850 cenavistine
2263 783 2340 847 ?'’
2397 784 2494 849 Cf.
2545 802 2645 850 vs.
2698 787 2783 850 88
2834 803 2975 868 sqq.

773 908 949 974 Dicit
1009 907 1262 974 Ussmo
1324 925 1442 988 pro
1519 907 1615 973 vel
1675 906 2050 988 exspectari
2113 908 2188 989 et,
2261 906 2376 971 sed
2440 910 2620 972 reote
2692 907 2980 989 explieat

773 1030 942 1094 Lno:
1021 1029 1184 1114 ,‚vel,
1256 1029 1315 1094 si
1384 1029 1585 1094 febris
1657 1032 1778 1094 tua
1837 1031 2169 1110 quartana
2228 1031 2353 1110 est,
2418 1029 2977 1096 nudiustertius.''

773 1150 1071 1232 Sequens
1131 1154 1365 1216 autem
1429 1167 1665 1215 versus
1724 1149 1856 1214 leni
1918 1149 2208 1229 quadarn
2272 1150 2740 1215 emendatione
2786 1165 2977 1229 egere

773 1273 939 1338 mihi
987 1272 1288 1338 videtur:
1336 1289 1454 1353 pro
1499 1272 1897 1336 cenavistine
1944 1271 2192 1337 conicio
2240 1273 2555 1336 cenavisti
2590 1272 2761 1347 bene,
2802 1271 2976 1352 quod

773 1411 1050 1459 sensum
1113 1393 1453 1476 postulare
1511 1393 1797 1459 arbitror
1814 1414 1829 1474 ;
1893 1392 2109 1459 solum
2169 1394 2452 1460 cenandi
2513 1395 2794 1459 verbum
2842 1409 2977 1458 non

734 1515 1043 1590 .sufficit‚
1092 1519 1244 1582 tum
1293 1517 1562 1582 demum
1607 1519 1888 1596 apparet
1937 1516 2178 1581 bonam
2224 1533 2373 1581 esse
2422 1516 2878 1582 valetudinem
2920 1514 2979 1580 si

774 1637 985 1702 bene
1030 1639 1298 1704 cenavit
1346 1638 1592 1703 Totum
1641 1654 1797 1717 ergo
1842 1637 2062 1702 locum
2110 1637 2207 1702 sio
2252 1637 2534 1716 refingo:

955 1759 1095 1824 PH.
1149 1761 1319 1825 Huic
1366 1777 1772 1840 proxumum
1818 1758 1978 1824 illud
2024 1760 2274 1825 ostium
2320 1758 2878 1824 occlusissimum.

955 1880 1175 1956 Salve,
1225 1881 1549 1946 valuistin
1596 1898 1829 1962 usque,
1877 1881 2339 1947 oculissimum
2388 1880 2693 1946 ostium?

955 2001 1027 2066 P.
1079 2001 1395 2067 caruitne
1441 2002 1644 2067 febris
1692 2005 1761 2067 te
1808 2001 1951 2066 heri
1997 1999 2102 2066 vel
2150 2001 2687 2067 nudiustertius·

956 2124 1045 2189 Et
1091 2123 1233 2189 heri
1277 2123 1607 2190 cenavisti
1653 2125 1871 2189 bene?
1918 2123 2057 2188 PH.
2107 2123 2465 2190 Deridesne
2512 2125 2669 2189 me?

867 2385 971 2432 vs.
1023 2367 1110 2431 20
1158 2384 1299 2449 sqq.

955 2490 1098 2554 PH.
1147 2488 1599 2554 Bellissimum
1647 2488 1863 2555 hercle
1910 2489 2046 2554 vidi
2094 2493 2165 2554 et
2213 2489 2856 2555 taciturnissimum:

958 2611 1343 2694 Numquam
1373 2610 1583 2676 ullum
1614 2612 1895 2677 verbum
1922 2611 2199 2677 muttit:
2226 2629 2378 2678 oum
2403 2612 2721 2693 aperitur,
2749 2613 2955 2679 tacet:

955 2734 1124 2798 Cum
1169 2732 1280 2798 illa
1323 2737 1523 2798 noctu
1572 2731 1947 2798 clanculum
1990 2733 2075 2797 ad
2124 2750 2231 2798 me
2276 2735 2439 2815 exit,
2491 2737 2692 2800 tacet.
2764 2724 2771 2731 ’

870 2856 987 2921 Vs.
1055 2856 1138 2919 22
1208 2830 1675 2939 „parallelum”
1740 2872 1887 2919 esse
1946 2854 2235 2921 Gon'ero
2302 2856 2578 2922 minime
2624 2856 2977 2922 assentior.

778 2977 1230 3042 Phaedromus
1288 2975 1517 3041 laudat
1577 2976 1852 3055 ostium,
1915 2978 2084 3058 quod
2152 2993 2415 3057 semper
2477 2979 2719 3060 taceat,
2778 2995 2981 3059 quom

775 3100 1134 3182 aperiatur,
1173 3098 1358 3165 addit
1394 3101 1645 3179 autem,
1686 3100 1751 3164 id
1791 3100 1961 3181 quod
1992 3100 2137 3166 eius
2161 3100 2456 3165 maxime
2480 3100 2697 3183 refert,
2725 3101 2980 3166 ostium

776 3222 1016 3300 tacere,
1081 3237 1284 3301 quom
1345 3220 1562 3285 amica
1623 3223 1828 3285 noctu
1891 3221 2059 3286 clam
2121 3222 2283 3286 exit.
2335 3222 2475 3303 Quo
2521 3221 2979 3287 additamento

773 3342 957 3408 loeus
1028 3341 1241 3406 multo
1313 3340 1391 3405 fit
1462 3341 1748 3407 vividior
1816 3342 2301 3423 amoeniorque.
2374 3342 2469 3408 Cf.
2534 3342 2606 3407 P.
2670 3343 2975 3427 LANGEN,

775 3462 1230 3529 Plautinisohe
1277 3460 1556 3527 Studien
1603 3479 1667 3541 p.
1718 3462 1840 3526 33:
1888 3462 2028 3547 „die
2068 3461 2516 3541 Gelegenheit,
2557 3463 2661 3529 bei
2700 3464 2984 3531 welcher

775 3586 917 3652 sich
978 3585 1082 3649 die
1145 3583 1366 3650 Thure
1428 3584 1650 3667 offnet,
1717 3583 1886 3649 wird
1947 3584 2110 3649 (10011
2172 3583 2313 3650 hier
2366 3585 2796 3651 anschaulioh
2842 3586 2980 3653 dar·

775 3704 1108 3786 gestellt.”
1750 3706 1759 3714 ’

868 3966 970 4013 νε.
1033 3948 1118 4012 33
1181 3965 1322 4029 sqq.
1385 3946 1671 4013 Servum
1732 3945 2111 4025 sollicitum,
2160 3966 2245 4014 ne
2292 3950 2400 4014 oui
2444 3949 2687 4015 liberae
2735 3950 2979 4029 virgini

775 4069 1129 4134 insidietur
1191 4069 1409 4151 herus,
1461 4068 1555 4133 sio
1601 4067 2055 4134 Phaedromus
2101 4070 2451 4136 certiorem
2495 4070 2660 4137 facit
2705 4071 2785 4137 de
2831 4088 2976 4137 oon-

777 4189 922 4255 silio
967 4206 1122 4254 suo:

958 4311 1096 4376 PH.
1163 4310 1336 4392 Quin
1397 4308 1543 4375 leno
1603 4309 1711 4374 1110
1772 4310 2053 4377 habitat.
2095 4311 2164 4376 P.
2212 4312 2421 4379 Nemo
2473 4313 2631 4379 hino
2675 4313 2978 4395 prohibet

2502 4440 2647 4515 [neo
2694 4438 2886 4502 vetat
