3459 5300
1831 549 1915 613 16

771 745 976 809 grans
1022 744 1209 794 amor
1253 730 1322 792 et
1369 726 1588 810 libido,
1633 745 1805 808 quae
1846 729 2014 794 solet
2054 730 2309 794 matres
2348 725 2592 791 furiare
2628 743 2969 808 equorum,

772 849 1044 916 Saeviat
1113 850 1286 914 circa
1355 849 1535 914 iecur
1596 849 2037 915 ulcerosum.”
2103 849 2404 916 Tametsi
2464 848 2669 928 igitur
2729 865 2813 912 ex
2874 847 2979 912 his

772 970 934 1037 locis
998 970 1167 1036 satis
1228 970 1653 1051 perspicuum
1717 974 1826 1036 est
1887 971 2067 1038 iecur
2128 971 2303 1053 apud
2365 969 2681 1050 antiquos
2746 985 2980 1034 revera

772 1091 996 1157 sedem
1062 1107 1210 1155 esse
1271 1091 1542 1166 amoris,
1606 1095 1835 1157 tamen
1899 1093 2163 1158 credere
2224 1108 2476 1173 nequeo
2538 1092 2608 1156 111
2666 1092 2975 1154 nostrum

767 1213 986 1278 locum
1049 1212 1259 1277 ullum
1316 1213 1643 1294 quadrare
1690 1214 2102 1279 adiectivum
2149 1214 2319 1297 quod
2367 1213 2449 1279 ad
2498 1230 2795 1277 amorem
2841 1227 2980 1292 per-

777 1333 1015 1400 tineat.
1065 1333 1234 1414 Quid
1277 1334 1509 1400 enim?
1554 1335 1736 1401 Leno
1780 1353 1912 1402 non
1959 1336 2173 1401 solum
2214 1336 2370 1402 dicit
2412 1353 2485 1400 se
2524 1336 2752 1401 morbo
2792 1334 2978 1400 affec·

778 1459 930 1521 tum
989 1472 1135 1520 esse
1197 1455 1449 1536 iecoriS‚
1515 1457 1631 1522 sed
1693 1457 1904 1523 etiam
1965 1458 2176 1539 lieniS‚
2244 1473 2502 1532 renum,
2562 1457 2974 1538 pulmonum,

776 1578 1008 1660 cordiS,
1075 1578 1380 1643 omnium
1440 1577 1720 1660 denique
1774 1579 2096 1645 hirarum.
2147 1580 2449 1661 Quonam
2498 1578 2691 1644 modo
2739 1595 2828 1643 ex
2871 1579 2979 1642 his

777 1698 1034 1764 efficere
1095 1701 1323 1778 potest
1376 1697 1728 1765 Palinurus
1775 1700 1965 1765 illum
2011 1716 2285 1780 aegrum
2334 1717 2480 1765 esse
2525 1700 2755 1765 morbo
2800 1716 2978 1765 ama·

779 1820 998 1886 torio?
1059 1818 1273 1884 Simul
1331 1823 1584 1896 autem,
1646 1821 1966 1901 quoniam
2021 1821 2245 1901 plures
2290 1821 2579 1902 corporis
2621 1823 2850 1902 partes
2895 1819 2981 1886 af·
3048 1821 3053 1826 ’

783 1940 996 2008 fectae
1081 1943 1264 2022 sunt,
1339 1942 1775 2007 manifestum
1840 1946 1946 2007 est
2016 1942 2406 2008 Palinurum
2477 1960 2609 2008 non
2681 1945 2981 2012 statuere

781 2080 977 2144 posse
1057 2061 1365 2127 lenonem
1431 2066 1775 2140 aegrotare
1844 2065 2073 2130 morbo
2141 2064 2395 2139 iecoriS‚
2466 2063 2637 2146 quod
2684 2064 2982 2147 ‚insuper

781 2184 1142 2250 verisimile
1201 2187 1308 2250 est
1368 2201 1454 2250 ex
1515 2184 1770 2251 lenonis
1832 2203 2181 2267 responso:
2238 2185 2463 2272 „facile
2508 2190 2615 2251 est
2662 2187 2987 2252 miserum

782 2305 1145 2386 inridere’';
1204 2323 1363 2370 nam
1409 2306 1479 2370 in
1527 2305 1827 2370 Palinuri
1874 2307 2097 2372 verbis
2144 2324 2313 2387 quae
2358 2307 2575 2372 irrisio
2620 2307 2803 2382 insit,
2851 2325 2984 2373 non

783 2427 971 2492 facile
1033 2427 1278 2492 dixerit
1337 2427 1595 2509 aliquis.
1658 2428 1843 2509 Quod
1907 2427 2286 2507 intelligens
2341 2429 2738 2504 AoIDAmus,
2786 2445 2985 2509 quem

785 2548 1088 2628 sequitur
1149 2547 1369 2612 Gon'rz
1401 2546 1468 2630 ¹),
1535 2566 1639 2613 vs.
1706 2548 1832 2612 244
1884 2552 2043 2614 ante
2089 2567 2191 2614 vs.
2244 2551 2373 2614 240
2420 2549 2662 2631 posuit.
2712 2546 2836 2614 Sed
2889 2549 2985 2614 sic

783 2688 1042 2753 quoque
1104 2669 1503 2735 vocabulum
1567 2671 1985 2753 hepatiarius
2047 2672 2389 2739 molestias
2437 2672 2627 2737 nobis
2674 2671 2985 2737 exhibere

785 2793 1023 2874 pergit.
1093 2792 1368 2857 Certum
1428 2807 1583 2870 ergo
1644 2792 1811 2857 duco
1867 2797 2256 2873 corruptum
2303 2792 2460 2857 illud
2506 2810 2683 2858 esse:
2736 2794 2986 2859 conicio

789 2920 1019 2980 autem
1057 2914 1460 2996 putidarius
1508 2913 1616 2997 (cf.
1664 2933 1728 2979 v.
1782 2915 1958 2998 241),
1999 2917 2170 2997 quod
2214 2915 2611 2980 vocabulum
2652 2931 2986 2996 nusquam

787 3037 1056 3118 quidem
1103 3035 1258 3100 alibi
1305 3035 1649 3099 invenitur
1700 3035 1902 3111 (idem
1950 3036 2239 3116 profecto
2277 3036 2355 3099 de
2395 3035 2815 3118 hepatiarius
2855 3040 2987 3100 sta-

787 3159 1118 3224 tuendum
1182 3160 1329 3234 est),
1395 3158 1508 3222 sed
1572 3162 1803 3222 nostro
1863 3157 2003 3222 loco
2064 3157 2497 3237 aptissimum
2558 3161 2685 3222 est.
2721 3155 2774 3240 2)
2821 3157 2987 3237 Quid

784 3281 966 3346 enim
1021 3284 1257 3361 poetae
1308 3279 1521 3357 magis
1569 3279 1637 3342 in
1686 3284 2000 3359 promptu
2048 3295 2194 3344 esse
2240 3278 2435 3343 debet
2480 3296 2681 3361 quam
2727 3278 2984 3343 Palinu-

785 3421 960 3479 rum,
1023 3405 1380 3483 postquam
1446 3401 1710 3466 audivit
1772 3401 2224 3482 Cappadocem
2285 3401 2598 3466 omnibus
2659 3401 2792 3465 fere
2853 3417 2983 3465 cor-

784 3527 960 3606 poris
1028 3524 1334 3605 partibus
1403 3539 1678 3602 aegrum
1740 3538 1907 3603 esse,
1980 3523 2227 3587 comice
2297 3523 2630 3587 dicentem
2698 3522 2979 3600 fingere:

789 3653 980 3733 „tum
1049 3649 1119 3711 te
1189 3645 1404 3723 agitat
1473 3644 1745 3709 morbus
1815 3644 2281 3725 putidarius''‘?
2350 3644 2542 3711 Nunc
2609 3643 2755 3709 leno
2823 3647 2980 3723 apte

783 3769 1000 3833 dicere
1045 3770 1300 3848 potest:
1359 3765 1586 3851 „facile
1632 3768 1740 3829 est
1788 3766 2110 3831 miserum
2157 3765 2505 3830 inridere.”

805 3980 1192 3989 ————-—-

856 4116 912 4185 1)
951 4114 1203 4169 Analecta
1255 4110 1516 4167 Plautina.
1563 4110 1896 4183 Scripserunt
1946 4111 2241 4166 Fridericus
2286 4108 2491 4165 Schoell
2528 4110 2787 4181 Georgius
2823 4110 2988 4163 Goetz

782 4202 1050 4255 Gustavus
1087 4182 1298 4254 Loewe.
1342 4217 1388 4269 p.
1431 4198 1532 4251 108
1571 4215 1682 4267 sqq.

858 4290 914 4353 2)
953 4288 1032 4341 De
1081 4285 1260 4341 Plauti
1306 4302 1484 4338 amore
1531 4283 1906 4339 adiectivorum
1956 4286 2010 4340 in
2060 4288 2228 4339 -ariuc
2277 4284 2341 4338 cf.
2390 4284 2626 4337 Lon-unz
2678 4282 2746 4337 ad
2794 4282 2987 4337 Pseud.

781 4375 913 4430 952:
953 4413 1126 4438 ......
1165 4391 1221 4427 es
1257 4370 1375 4426 sind
1421 4375 1574 4425 unter
1610 4371 1787 4426 diesen
1823 4371 1959 4427 allen
1998 4373 2131 4427 viole
2168 4379 2305 4444 ἅπαξ
2345 4370 2651 4440 λεγόμενα.”
