3459 5300
1765 535 1892 602 122

913 735 1095 783 nunc
1155 717 1263 782 rei
1312 717 1577 783 divinae
1636 735 1907 802 operam
1967 718 2131 783 dabo
2146 739 2168 783 .·
2237 721 2554 785 certumst
2614 721 2766 787 bene
2826 741 2929 788 me

2370 845 2652 919 [curare.
2706 843 2833 909 532

731 959 1168 1040 Wenigstens
1229 962 1349 1026 hat
1412 978 1571 1027 man
1634 962 1787 1027 dem
1850 961 2190 1045 ,Imbschen
2251 962 2334 1028 V.
2399 961 2524 1028 531
2593 964 2928 1031 schweres

730 1080 1032 1147 Unrecht
1092 1081 1362 1161 gethan,
1425 1100 1623 1148 wenn
1673 1100 1832 1148 man
1878 1082 1995 1148 ihn
2043 1083 2376 1149 streichen
2425 1083 2648 1149 wollte
2694 1102 2926 1166 wegen

730 1202 950 1268 seiner
1019 1189 1454 1269 Ahnlichkeit
1523 1205 1648 1269 mit
1716 1205 1867 1270 dem
1936 1202 2252 1270 albernen
2313 1204 2513 1270 Satze
2577 1205 2727 1273 557.
2775 1209 2929 1288 quot

733 1324 985 1391 homini
1048 1325 1121 1390 di
1180 1329 1343 1390 sunt
1388 1328 1695 1408 propitii,
1750 1328 1810 1392 ei
1854 1344 1987 1392 non
2034 1344 2172 1391 esse
2214 1327 2422 1391 iratos
2459 1329 2642 1409 puto,
2692 1328 2927 1393 womit

729 1446 1025 1512 derselbe
1087 1446 1443 1538 Cappadox
1506 1448 1653 1514 bald
1716 1449 1959 1514 darauf
2010 1464 2136 1514 aus
2188 1449 2341 1515 dem
2389 1449 2660 1530 Tempe]
2706 1454 2929 1515 treten

730 1567 872 1634 soll.
922 1567 1263 1634 Vielmehr
1308 1571 1400 1635 ist
1439 1571 1619 1636 diese
1657 1572 1930 1636 dumme
1971 1570 2242 1636 Parodie
2276 1572 2467 1653 jenes
2503 1570 2926 1650 behaglichen

730 1687 1061 1771 Spruches
1114 1692 1256 1755 hier
1300 1709 1386 1757 zu
1434 1692 1788 1758 streichen.
1836 1692 1968 1758 Der
2012 1693 2456 1773 Interpolator
2498 1693 2620 1758 hat
2664 1692 2768 1757 bei
2813 1692 2930 1757 der

728 1812 1299 1892 entsprechenden
1337 1813 1676 1879 situation
1716 1814 2098 1897 (postquam
2126 1831 2272 1878 rem
2294 1815 2598 1880 divinam
2620 1812 2748 1895 feci
2771 1814 2927 1898 558)

730 1932 936 1998 daran
983 1935 1294 2000 erinnem
1343 1933 1646 2002 wollen’'.

819 2054 897 2118 In
937 2055 1179 2135 quibus
1218 2057 1440 2122 verbis
1478 2057 1653 2122 haud
1697 2057 1910 2122 multa
1950 2060 2134 2134 sunt,
2172 2075 2342 2138 quae
2366 2073 2440 2122 se
2462 2057 2926 2138 probabilitate

729 2177 1218 2241 commendent.
1283 2176 1417 2242 Cur
1478 2178 1752 2245 tandem
1812 2179 2050 2243 verba:
2120 2178 2314 2262 „quoi
2358 2177 2612 2242 homini
2659 2195 2715 2243 e.
2740 2194 2801 2258 q.
2829 2177 2928 2242 s.’'

730 2296 947 2375 magis
983 2300 1144 2376 apta
1182 2300 1345 2363 sunt
1384 2298 1576 2363 initio
1612 2315 1816 2379 quam
1856 2299 1974 2364 fini
2017 2298 2392 2380 soliloquii?
2431 2299 2666 2365 Nonne
2703 2300 2928 2378 potest

730 2420 927 2498 poeta
958 2417 1286 2498 lenonem,
1326 2422 1681 2500 postquam
1719 2419 1864 2498 ipse
1903 2419 2029 2484 sibi
2068 2420 2398 2485 rationem
2435 2420 2743 2486 fortunae
2767 2435 2930 2484 suae

729 2539 1031 2620 reddidit,
1098 2539 1604 2607 concludentem
1667 2540 1880 2606 facere
1943 2541 2099 2607 deos
2163 2541 2290 2607 sibi
2350 2557 2498 2607 esse
2559 2540 2928 2622 propitios?

652 2720 661 2728 .
730 2663 959 2743 Atque
1020 2663 1176 2744 quid
1238 2664 1461 2729 virum
1522 2665 1798 2729 doctum
1857 2665 2073 2730 movit
2133 2667 2215 2730 ut
2262 2667 2598 2730 statueret
2644 2682 2747 2730 118.
2799 2663 2929 2730 530

728 2786 801 2849 et
847 2783 975 2849 532
1023 2785 1317 2866 separari
1364 2802 1499 2851 11011
1541 2786 1785 2866 posse?
1829 2784 2158 2868 Loquitur
2203 2785 2299 2851 sic
2343 2785 2526 2851 leno:
2577 2786 2927 2871 „quoniam

730 2904 896 2970 bene
956 2906 1135 2985 gessi
1192 2922 1354 2984 rem,
1408 2906 1554 2972 volo
1604 2905 2007 2987 supplicare3
2057 2905 2272 2971 multo
2319 2906 2503 2971 enim
2548 2906 2757 2987 pluris
2804 2906 2927 2995 vir·

634 3114 637 3119 Ι
730 3027 955 3108 ginem
1016 3028 1288 3094 vendidi
1345 3046 1546 3109 quam
1607 3030 1760 3094 emi.
1825 3028 1952 3094 Sed
2012 3045 2189 3106 eum,
2246 3030 2356 3111 qui
2405 3046 2557 3095 eam
2603 3029 2922 3109 vendidit,

730 3168 887 3216 cum
925 3168 1295 3231 numquam
1334 3151 1471 3216 iam
1510 3150 1812 3231 viderim,
1856 3149 2217 3215 verisimile
2249 3154 2354 3215 est
2380 3152 2722 3215 mortuum
2745 3138 2924 3232 esse;

731 3290 864 3339 non
926 3273 1133 3352 igitur
1192 3278 1511 3352 magnum
1558 3272 1928 3354 periculum
1974 3274 2101 3347 est,
2148 3289 2236 3337 ne
2281 3289 2602 3354 umquam
2650 3272 2928 3352 triginta

733 3376 955 3461 minae
1001 3396 1141 3461 sint
1188 3396 1570 3460 reddendae.
1619 3397 1716 3459 At
1765 3394 1909 3459 sive
1957 3393 2168 3476 periit,
2221 3394 2366 3460 sive
2414 3394 2608 3469 vivit,
2655 3394 2813 3475 quid
2859 3394 2925 3459 id

732 3534 883 3583 mea
947 3516 1151 3584 refert
1167 3519 1201 3581 ‘8
1270 3518 1444 3583 Nam
1512 3520 1868 3597 argentum
1934 3515 2141 3581 habeo
2211 3515 2407 3597 (beati
2453 3515 2864 3599 possidentes
2874 3517 2929 3599 Ι)

733 3638 1165 3705 Manifestum
1204 3638 1409 3718 igitur
1445 3641 1553 3704 est
1592 3638 1748 3705 deos
1787 3637 1952 3703 mihi
1989 3653 2138 3703 esse
2176 3638 2518 3718 propitios,
2559 3655 2719 3704 nam
2755 3638 2928 3719 ‘quoi

732 3759 989 3825 homini
1051 3760 1117 3824 di
1174 3762 1337 3825 sunt
1383 3760 1774 3841 propitii,
1821 3759 2080 3824 lucrum
2129 3758 2204 3823 ei
2251 3759 2542 3839 profecto
2587 3760 2927 3826 obiciunt.’

734 3882 863 3949 Sed
902 3900 1035 3949 non
1072 3882 1204 3948 iam
1246 3882 1536 3963 cessabo,
1562 3885 1766 3963 atque
1804 3897 2074 3961 operam
2111 3879 2279 3946 dabo
2319 3881 2414 3947 rei
2444 3880 2730 3947 divinae.
2758 3880 2931 3947 Nam

734 4007 992 4072 certum
1040 4005 1359 4070 mihi‘est
1405 4020 1513 4071 me
1563 4005 1725 4069 bene
1776 4002 2075 4069 curare.”

825 4125 1094 4191 Gaudeo
1157 4126 1581 4227 Rinnncmtm
1641 4122 1935 4203 lepidum
1993 4139 2094 4187 118.
2144 4122 2271 4187 531
2326 4139 2461 4188 11011
2508 4139 2664 4187 cum
2711 4120 2937 4187 8011111-
3067 4118 3076 4125 ’

733 4265 905 4315 enno
966 4248 1341 4313 damnasse.
1407 4245 1533 4310 Sed
1594 4244 1927 4310 minuitur
1985 4242 2304 4323 gaudium
2367 4261 2593 4309 meum
2654 4243 2827 4325 quod
2873 4243 2934 4307 ei

734 4369 1029 4451 parcitur
1066 4385 1220 4434 cum
1260 4368 1502 4432 damno
1541 4382 1780 4430 versus
1821 4364 1970 4441 557,
2011 4379 2211 4445 quem
2251 4382 2522 4431 versum
2546 4382 2679 4431 non
2704 4364 2930 4429 minus
