3459 5300
1630 565 1760 632 133

578 751 884 817 versibus
954 767 1280 832 censeam,
1346 748 1417 813 in
1486 748 1572 813 iis
1637 747 2009 813 tractandis
2077 746 2242 831 dixi)
2318 764 2531 829 neque
2598 752 2776 814 recte

577 873 794 939 reddit
856 872 1267 938 sententiam
1331 871 1641 953 JanAm,
1706 871 1945 950 utpote
2005 871 2117 950 qui
2166 887 2265 936 vs,
2316 869 2447 935 483
2495 871 2774 952 interpo-

574 994 790 1061 latum
838 1011 988 1060 esse
1034 993 1402 1059 existimet.

664 1254 767 1302 vs.
817 1236 968 1302 560.
1022 1238 1206 1303 Leno
1254 1252 1325 1302 re
1372 1235 1603 1300 divina
1641 1234 1820 1300 facta
1854 1234 2068 1299 denuo
2106 1233 2178 1297 in
2212 1249 2521 1298 scaenam
2560 1233 2781 1315 prodit

588 1358 668 1423 de
715 1358 860 1423 suis
907 1359 1106 1424 rebus
1153 1374 1380 1423 secum
1425 1356 1718 1437 loquens.
1770 1356 1943 1421 Tum
1988 1353 2137 1421 libri
2175 1355 2337 1420 haec
2376 1355 2541 1420 dant
2579 1355 2782 1420 verba

577 1478 817 1546 militi:

1814 1600 2154 1665 Iusseram
2185 1598 2464 1668 salvere
2510 1601 2600 1664 te.

579 1722 1019 1790 Salutationis
1065 1725 1295 1789 autem
1353 1720 1613 1788 nullum
1661 1723 1893 1788 exstat
1940 1719 2326 1800 vestigium.
2373 1719 2588 1801 Quare
2633 1721 2783 1787 Ao1-

574 1862 828 1911 nALms
886 1846 1219 1910 iusseram
1283 1842 1584 1909 mutavit
1642 1843 1714 1908 in
1769 1842 2109 1924 iusserim,
2161 1841 2331 1923 quod
2382 1841 2617 1922 probat
2664 1841 2785 1907 Us·

577 1983 768 2031 smo:
839 1969 983 2052 „est
1043 1965 1223 2032 enim
1280 1965 1753 2031 coniunctivus
1800 1981 1932 2029 non
1982 1962 2154 2028 satis
2202 1962 2503 2037 scientis,
2550 1965 2785 2028 utrum

576 2086 869 2152 salutare
937 2086 1106 2152 velit
1169 2103 1257 2151 an
1330 2085 1528 2153 non''.
1594 2085 1755 2150 Mihi
1820 2101 1976 2150 vero
2039 2085 2357 2150 iusserim
2423 2084 2785 2150 admodum

571 2206 963 2286 languidum
1017 2206 1300 2272 videtur.
1344 2206 1572 2289 Neque
1612 2210 1843 2271 tamen
1885 2206 2099 2284 magis
2140 2205 2477 2287 probanda
2521 2205 2786 2271 videtur

574 2330 1086 2396 RAUTnRBERon
1117 2330 1478 2411 sententia,
1508 2329 1621 2410 qui
1645 2332 1825 2394 teste
1847 2327 2231 2393 SEYFFERro
2261 2325 2309 2409 ¹)
2335 2331 2484 2408 post
2513 2344 2612 2392 vs.
2643 2329 2772 2392 556

571 2451 876 2517 lacunam
942 2451 1206 2535 statuit,
1269 2468 1470 2532 quarn
1535 2449 1631 2516 sic
1685 2450 1822 2515 fere
1867 2448 2265 2530 explendam
2310 2465 2459 2513 esse
2505 2453 2770 2513 censet:

577 2571 762 2651 <sed
807 2571 1114 2638 lenonem
1154 2570 1346 2636 video
1385 2570 1516 2636 huc
1552 2571 1681 2634 ire:
1725 2570 1894 2635 heus
1934 2572 2029 2653 tu,
2076 2570 2268 2635 iubeo
2307 2569 2565 2635 salvere
2606 2572 2767 2642 te>.

570 2694 798 2776 Neque
857 2693 1039 2758 enim
1101 2691 1337 2759 militis
1397 2709 1543 2758 esse
1602 2692 1888 2758 arbitror
1948 2692 2133 2772 prius
2197 2690 2511 2773 salutare,
2559 2707 2770 2774 neque

568 2815 626 2880 si
689 2815 947 2882 salvere
1008 2814 1339 2896 iussisset,
1404 2814 1469 2878 id
1532 2817 1676 2878 tam
1740 2813 2079 2878 submissa
2138 2813 2406 2879 fecisset
2466 2828 2648 2893 voce,
2690 2817 2768 2879 ut

566 2937 714 3002 leno
762 2953 894 3003 non
942 2935 1224 3001 audiret.
1272 2935 1538 3001 Conicio
1583 2935 1937 3015 legendum
1982 2952 2165 3001 esse:
2221 2935 2458 3020 „iuben
2506 2952 2594 3000 an
2636 2952 2766 3000 non

565 3057 824 3123 salvere
893 3057 1096 3124 mem?
1165 3056 1261 3122 cf.
1328 3040 1431 3122 vs.
1506 3057 1655 3140 566,
1732 3057 1922 3139 Capt.
1985 3058 2139 3131 846,
2207 3059 2411 3138 atque
2481 3056 2615 3123 Lno
2684 3056 2766 3122 ad

567 3180 805 3245 Bacch.
872 3181 1022 3245 269.
1077 3179 1475 3259 Indignatus
1521 3180 1695 3262 quod
1741 3180 1889 3243 leno
1936 3196 2007 3244 se
2058 3196 2189 3245 non
2236 3178 2621 3261 conspiciat,
2666 3194 2764 3242 as·

567 3302 852 3383 perrime
897 3301 959 3366 ei
1005 3301 1294 3382 imperat
1340 3305 1420 3366 ut
1467 3319 1542 3368 se
1586 3300 1843 3367 salvere
1888 3300 2134 3376 iubeat,
2181 3302 2384 3381 atque
2428 3299 2579 3365 leno
2626 3315 2763 3365 non

565 3424 710 3489 sine
774 3422 1075 3489 irrisione
1133 3424 1397 3490 iussum
1457 3424 1866 3506 exsequitur.
1928 3423 2137 3490 Iuben
2198 3442 2290 3489 an
2334 3440 2468 3488 non
2513 3422 2583 3488 in
2629 3422 2761 3486 ius·

562 3561 787 3609 seram
833 3547 1219 3626 corruptum
1266 3561 1414 3623 esse
1458 3549 1762 3610 statuere
1798 3561 1929 3610 non
1967 3544 2065 3610 ita
2100 3543 2318 3609 audax
2359 3544 2590 3627 iudicO,
2633 3560 2762 3625 quo

563 3664 731 3731 vitio
780 3666 850 3731 in
897 3668 1171 3733 textum
1218 3670 1481 3747 recepto
1528 3684 1630 3731 me
1676 3666 1747 3731 in
1795 3669 1854 3731 te
1899 3668 2242 3731 mutatum
2288 3669 2415 3731 est.

652 3926 753 3974 vs.
827 3907 955 3973 564
1021 3926 1161 3990 sqq.
1224 3909 1388 3975 Post
1434 3907 1910 3974 salutationem
1961 3908 2150 3973 miles
2196 3911 2385 3987 rogat
2428 3908 2758 3982 lenonem,

559 4030 715 4111 quid
799 4030 975 4112 apud
1062 4047 1219 4097 eum
1303 4034 1460 4110 agat
1531 4030 2039 4096 mercimonium
2108 4046 2325 4095 suum.
2391 4029 2757 4112 Responde·

557 4153 671 4216 tur
721 4151 814 4216 ei:

637 4416 694 4483 1)
730 4413 1251 4472 Litteraturberichte
1285 4414 1416 4472 uber
1451 4416 1690 4485 PlautuS,
1725 4418 1977 4472 Bunsun
2016 4418 2103 4472 47.
