3459 5300
1736 571 1861 636 132

697 768 774 817 eo
833 749 972 818 loco
1029 753 1446 820 intercidisse
1505 770 1641 820 non
1705 754 2138 821 temerarium
2195 757 2300 820 est
2348 757 2667 830 statuere,
2718 753 2911 819 hunc·

698 874 1149 941 nanciscimur
1195 891 1499 941 versum:

879 997 1048 1078 Quid
1070 996 1196 1062 fec-i
1219 997 1349 1062 nisi
1371 997 1546 1079 quod
1571 999 1929 1078 mandasti,
1954 999 2058 1064 tui
2083 1002 2161 1064 ut
2184 997 2455 1065 honoris
2478 998 2695 1077 gratia
2710 1015 2894 1079 e.q.s.

785 1118 949 1185 Post
987 1119 1224 1184 verba:
1272 1119 1472 1205 „facis
1512 1119 1885 1201 sapientius
1914 1137 2115 1202 quam
2154 1137 2310 1202 pars
2344 1120 2680 1194 lenonum,
2711 1118 2897 1184 liber·

694 1243 802 1306 tos
848 1240 963 1323 qui
1009 1241 1258 1307 habent
1312 1244 1383 1306 et
1427 1258 1542 1307 eos
1587 1240 1950 1308 deserunt'’
1998 1241 2175 1324 L'yco
2221 1257 2390 1323 quae
2438 1257 2573 1306 non
2620 1240 2704 1304 ad
2750 1255 2895 1304 rem

693 1361 1037 1444 pertinent
1083 1365 1292 1428 missa
1339 1363 1586 1429 faciens
1624 1363 1975 1445 ipsamque
2013 1379 2154 1427 rern
2192 1361 2601 1442 aggrediens,
2643 1361 2895 1426 scilicet

692 1483 752 1550 is
797 1501 1057 1567 quoque
1111 1485 1522 1551 Curculionis
1566 1484 1869 1551 fraudem
1914 1485 2230 1565 ignorans
2274 1485 2483 1550 etiam
2526 1487 2729 1564 atque
2776 1483 2895 1548 mi-

695 1608 885 1701 ratus
945 1606 1116 1687 quod
1177 1606 1370 1672 miles
1423 1610 1570 1672 tam
1626 1606 1893 1672 insolite
1940 1607 2236 1687 mireque
2284 1622 2359 1672 se
2404 1607 2612 1686 gerat,
2661 1606 2891 1684 rogat:

700 1725 893 1812 „quid
941 1726 1066 1793 feci
1111 1744 1168 1792 e.
1218 1746 1279 1809 q.
1331 1745 1384 1793 S.
1402 1728 1479 1792 ?”
1518 1727 1565 1811 ¹)
1628 1728 1849 1794 Verba
1895 1731 2075 1793 tuom
2124 1728 2242 1810 qui
2288 1729 2562 1809 siquam
2610 1742 2891 1807 pronun-

693 1847 877 1913 tians
923 1847 1127 1914 simul
1170 1849 1395 1929 ipsum
1441 1849 1710 1928 signum
1760 1851 2116 1915 monstrat.
2167 1849 2340 1913 Tum
2390 1846 2617 1913 miles:

871 1968 1156 2035 Stultior
1202 1967 1412 2035 stulto
1453 1969 1664 2046 fuisti,
1712 1969 1828 2051 qui
1874 1970 2012 2034 his
2058 1969 2319 2034 tabellis
2366 1968 2684 2034 crederes.

780 2091 906 2158 Pro
953 2091 1060 2157 his
1106 2090 1279 2172 quod
1325 2093 1519 2156 extat
1566 2090 1637 2155 in
1685 2091 1735 2175 Ι,
1788 2091 1914 2156 ΒΕ
1933 2090 1996 2155 V
2041 2091 2293 2156 habent
2340 2093 2447 2155 iis.
2499 2091 2632 2155 Lno
2679 2089 2891 2172 sequi-

690 2215 804 2277 tur
874 2211 1255 2277 Ussmermr
1324 2210 1676 2278 delendum
1739 2228 1889 2277 esse
1949 2227 2310 2293 pronomen
2371 2210 2889 2277 contendentem

689 2348 1004 2412 apparere
1071 2348 1157 2397 ex
1227 2331 1514 2414 Lyconis
1584 2349 1936 2414 responso;
2010 2350 2171 2420 „nec
2230 2333 2411 2399 enim
2476 2330 2889 2398 Curculionis

690 2450 969 2526 tabellis,
1034 2453 1149 2518 sed
1209 2454 1481 2519 omnino
1535 2451 1796 2519 tabellis
1844 2453 1950 2519 vel
1995 2469 2103 2518 res
2150 2451 2410 2534 publica
2455 2451 2560 2517 vel
2608 2451 2890 2517 aliorum

690 2574 992 2655 privatae
1059 2593 1166 2641 res
1226 2575 1614 2656 geruntur'’.
1674 2576 1772 2640 At
1834 2592 2057 2641 nonne
2104 2574 2297 2640 miles
2345 2580 2565 2640 certas
2610 2574 2888 2640 tabellas

687 2696 978 2762 indicare
1062 2700 1285 2777 potest
1355 2701 1558 2779 atque
1627 2696 1806 2781 Lyco
1876 2697 1956 2764 de
2026 2697 2287 2764 tabellis
2354 2696 2424 2762 in
2493 2696 2884 2763 universum

686 2817 865 2899 loqui
913 2834 1181 2899 pergere
1197 2818 1233 2882 ‘2

780 2939 1111 3023 Vidimus,
1162 2940 1290 3005 nisi
1338 2941 1562 3007 omnia
1610 2958 1718 3008 me
1759 2941 2018 3023 fallunt,
2061 2940 2142 3005 de
2186 2939 2326 3006 loco
2363 2940 2712 3006 decurtato
2750 2957 2884 3006 non

685 3076 834 3125 esse
882 3078 1037 3125 cum
1082 3059 1333 3128 Lnomo
1379 3062 1829 3143 cogitandum.

778 3171 875 3247 U't
934 3182 1140 3247 etiam
1200 3183 1467 3249 redeam
1530 3183 1611 3249 ad
1676 3184 1883 3248 verba
1944 3184 2331 3249 Nmunmnm
2394 3200 2598 3263 supra
2651 3182 2879 3261 citata,

683 3320 818 3370 non
882 3303 1194 3387 intelligo,
1261 3303 1320 3368 si
1382 3304 1514 3370 duo
1577 3319 1815 3369 versus
1877 3303 2095 3368 locum
2160 3307 2448 3380 mutent,
2515 3302 2882 3384 periculum

684 3425 904 3490 maius
964 3441 1114 3491 esse
1179 3440 1260 3489 ne
1321 3424 1471 3507 quis
1533 3440 1774 3490 versus
1836 3424 2121 3490 excidat.
2182 3425 2367 3506 Quod
2427 3425 2769 3490 contendit
2813 3425 2879 3490 id

683 3562 882 3627 saepe
928 3546 1184 3612 factum
1231 3563 1398 3627 esse,
1446 3544 1686 3612 vellem
1733 3546 1923 3627 plura
1962 3545 2303 3611 laudasset
2339 3544 2663 3626 exempla.
2708 3545 2881 3612 Nam

633 3656 636 3663 ’
683 3684 898 3750 neque
959 3668 1131 3751 quod
1186 3667 1381 3734 affert
1448 3671 1821 3749 opportune
1884 3666 2169 3753 electum
2230 3669 2335 3733 est
2398 3664 2581 3749 (quid
2627 3667 2707 3732 de
2752 3667 2882 3733 illis

679 3987 794 4052 oto.)
844 3981 1041 4039 ferner:
1095 3982 1234 4039 Rud.
1285 3983 1376 4038 III
1422 3986 1473 4054 2,
1512 3982 1674 4051 15s20
1714 3986 1875 4055 Teque
1908 4001 1994 4037 oro
2029 3987 2079 4037 ot
2113 4000 2298 4053 quaeso
2334 4014 2404 4024 -
2441 3986 2498 4037 ut
2530 3988 2579 4037 to
2614 4000 2675 4037 ne
2704 3985 2884 4055 paejqoat

680 4070 806 4122 dare
852 4087 1052 4139 operam
1097 4072 1245 4135 milti,·
1281 4071 1423 4126 Trin.
1462 4071 1554 4126 ΙΙΙ
1592 4072 1645 4139 2,
1681 4072 1748 4125 63
1786 4072 1875 4125 sod
1909 4074 1967 4123 ut
2000 4072 2143 4140 inope
2178 4070 2389 4141 infamis
2424 4087 2486 4123 no
2520 4070 2635 4132 εἰη·
2670 4068 2785 4123 Mil.
2822 4068 2881 4123 II

681 4156 731 4225 Β,
769 4158 800 4216 7
806 4158 838 4212 2
875 4176 1006 4227 quae
1040 4160 1119 4213 hic
1152 4162 1271 4213 sunt
1303 4162 1431 4225 visa,
1468 4163 1525 4214 ut
1558 4161 1670 4214 visa
1708 4177 1770 4212 ne
1805 4159 1923 4223 sint,
1959 4160 2112 4226 facta
2150 4160 2207 4211 ut
2235 4158 2395 4227 sacta
2431 4174 2494 4210 ne
2528 4158 2679 4219 εἰσείς
2716 4154 2879 4210 Poen.

679 4242 708 4296 I
758 4245 806 4307 2,
859 4246 963 4299 180
1010 4247 1206 4301 obsecro
1253 4246 1415 4300 hercle
1459 4251 1508 4300 te
1543 4277 1614 4287 —
1649 4251 1707 4300 ut
1753 4251 1809 4299 tu
1855 4245 1968 4298 huic
2014 4246 2153 4298 irata
2201 4262 2264 4297 ne
2309 4244 2405 4307 ub,-
2449 4242 2586 4313 (Cas.
2626 4242 2683 4297 Π
2721 4245 2771 4308 8,
2812 4244 2875 4297 ‘17

678 4330 922 4401 Quoique
957 4332 1010 4386 id
1049 4338 1339 4403 paratumst
1373 4340 1433 4387 ut
1469 4338 1712 4406 paratum
1748 4350 1815 4386 ne
1852 4331 2025 4399 siet).''

753 4419 806 4487 l)
845 4418 972 4473 Vidi
1006 4420 1106 4474 iam
1147 4420 1518 4474 Summarum
1554 4419 1690 4474 idem
1732 4419 2031 4473 coniecisse.
