3459 5300
1777 520 1907 586 172

1717 761 1949 830 XXV.

832 941 968 1006 1b.:
1029 941 1209 1004 αἵτιοι
1270 934 1367 1005 οὖν
1430 939 1541 1005 εἷο-ι
1605 940 1708 1005 καὶ
1775 939 1916 1019 ὑμῖν
1974 945 2215 1006 πολλῶν
2280 939 2385 1016 ἤδη
2446 940 2782 1018 ψευσθῆναι
2827 939 2931 1005 καὶ

742 1060 866 1146 ἰδία
906 1059 1129 1133 ἀδίκως
1169 1057 1239 1125 τὲ
1279 1085 1450 1134 τινας
1490 1059 1703 1145 ῥαδίως
1744 1061 2082 1128 ἀπολέσθαι
2122 1063 2177 1127 οἱ
2216 1067 2560 1139 τολμῶντες
2597 1060 2929 1141 ψεύδεσθαι

740 1182 845 1248 καὶ
894 1188 1301 1264 συκοφαντεῖν
1349 1178 1686 1264 ἀνθρώπους
1735 1184 2185 1262 ἐπιθυμοῦντες.

828 1304 1232 1388 Quocunque
1271 1305 1463 1372 modo
1499 1305 1663 1373 haec
1699 1306 2167 1384 emendantur,
2208 1306 2616 1373 servandum
2654 1307 2762 1372 est,
2785 1301 2929 1386 ἰδίᾳ.

1701 1517 1963 1586 XXVI.

831 1703 1269 1771 Basilicarum
1315 1704 1493 1784 origo
1537 1702 1608 1769 in
1653 1704 1801 1787 ipsa
1846 1703 2009 1770 urbe
2054 1703 2268 1769 Roma
2313 1701 2688 1786 quaerenda
2733 1706 2861 1770 est.

1553 1897 1560 1904 ’
1691 1916 1988 1984 XXVII.

831 2100 1017 2184 Quod
1071 2102 1303 2166 narrat
1345 2099 1559 2167 Varro
1604 2101 1681 2166 L.
1722 2101 1797 2166 L.
1839 2100 1904 2168 V
1951 2099 2110 2168 147:
2168 2101 2366 2188 „haec
2409 2101 2633 2168 omnia
2680 2103 2935 2184 postea-

739 2240 942 2306 quam
985 2224 1330 2289 contracta
1373 2222 1442 2287 in
1489 2239 1705 2288 unum
1751 2222 1968 2288 locum
2014 2238 2186 2304 quae
2229 2223 2313 2288 ad
2353 2223 2613 2304 victum
2653 2221 2935 2304 pertine-

740 2345 924 2428 bant,
965 2347 1036 2410 et
1073 2343 1460 2410 aedificatus
1496 2343 1700 2429 locus»,
1740 2344 2148 2426 appellatum
2188 2344 2605 2451 meoellum’',
2633 2346 2932 2444 spectare

743 2465 1010 2531 videtur
1053 2482 1112 2534 a.
1166 2465 1295 2531 209
1341 2483 1402 2532 a.
1451 2464 1601 2532 Chr.
1650 2484 1716 2532 n.

1677 2679 2003 2746 XXVIII.

832 2863 1016 2946 Quod
1075 2814 1253 2944 apud
1313 2862 1666 2929 nonnullos
1710 2863 2038 2929 traditum
2082 2866 2192 2929 est
2238 2862 2574 2930 Cononem
2618 2881 2659 2928 a
2711 2862 2933 2928 Persis

740 2985 1170 3051 interfectum
1229 3001 1399 3061 esse,
1459 2984 1526 3049 id
1585 2983 1895 3050 manavit
1953 3000 2038 3050 ex
2084 2983 2256 3051 male
2301 2984 2657 3051 intellectis
2711 2983 2933 3049 verbis

740 3105 1054 3172 Isocratis
1100 3106 1162 3190 4,
1214 3106 1320 3187 41,
1373 3103 1536 3171 154:
1585 3104 1682 3168 ἐπὶ
1735 3104 2391 3201 emunire-eumaem.

1701 3317 1973 3385 XXIX.

836 3501 987 3568 Non
1032 3497 1366 3581 probanda
1404 3501 1569 3565 sunt,
1606 3517 1775 3582 quae
1814 3499 2117 3582 disputat
2154 3500 2477 3567 Houom
2500 3500 2717 3581 (‘Bull.
2752 3502 2930 3568 Corr.

743 3623 940 3691 HelL'
968 3621 1138 3688 1896
1154 3639 1218 3703 p.
1241 3620 1369 3687 502
1395 3626 1564 3703 sqq.)
1588 3622 1671 3688 ad
1695 3622 2295 3689 demonstrandum
2318 3623 2536 3691 Nabin
2562 3626 2931 3707 tyrannum

741 3742 1410 3811 Lacedaemoniorum
1456 3742 1633 3825 regio
1679 3742 1888 3810 fuisse
1932 3761 2189 3827 genere.
