3459 5300
1776 591 1859 656 76

805 768 969 835 Post
1014 769 1488 854 halophantam
1534 772 1756 839 insero
1800 775 2026 838 autem
2072 771 2181 856 (cf.
2231 771 2437 837 Noun
2468 771 2916 858 „halofantam

712 894 863 957 aut
924 890 1519 978 sycophantam”):
1593 894 2133 979 „Halophantam
2194 896 2427 959 autem
2488 910 2574 959 an
2622 910 2679 959 e.
2704 911 2766 975 q.
2794 893 2917 976 s.”;

714 1028 875 1078 nam
935 1024 1132 1092 aegre
1194 1014 1492 1080 desidero
1538 1015 1943 1095 particulam
1989 1014 2515 1082 adversativam.
2564 1011 2776 1080 Simul
2824 1015 2918 1081 sic

714 1134 970 1206 tollitur
1019 1134 1264 1202 hiatus..

805 1255 1114 1335 Singulos
1182 1256 1418 1323 deinde
1483 1255 1660 1324 locos
1730 1257 2057 1338 choragus
2124 1256 2399 1335 indicat,
2470 1257 2588 1324 ubi
2656 1244 2919 1338 sing'ula

714 1379 1066 1446 hominum
1109 1379 1546 1446 inveniantur
1589 1396 1869 1462 genera3
1919 1380 2166 1461 periuri
2212 1379 2519 1447 homines
2562 1380 2921 1462 quaerendi

717 1504 882 1566 sunt
928 1501 998 1566 in
1045 1501 1333 1586 comitio,
1385 1501 1426 1567 i.
1453 1519 1510 1567 e.
1558 1503 1735 1584 apud
1782 1506 2155 1584 praetorem
2174 1523 2191 1581 3
2242 1504 2325 1569 cf.
2353 1504 2553 1569 Poen.
2581 1501 2711 1568 583
2738 1519 2919 1584 sqq.;

715 1622 1066 1688 mendaces
1137 1626 1208 1688 et
1275 1623 1558 1703 gloriosi·
1606 1624 1782 1706 apud
1854 1624 2199 1690 Cloacinae
2262 1642 2562 1691 sacrum:
2626 1627 2923 1690 oratores

715 1743 823 1809 hic
882 1745 1172 1826 spectari
1232 1748 1413 1811 recte
1475 1745 1817 1828 perspexit
1880 1745 2299 1829 Unn1ons¹);
2363 1763 2521 1812 nam
2579 1744 2922 1812 Cloacinae

716 1883 983 1932 sacrum
1043 1883 1244 1948 prope
1287 1870 1506 1932 rostra
1552 1868 1717 1932 erat.
1792 1867 1915 1948 Qui
1960 1871 2113 1934 tum
2160 1867 2463 1950 sequitur
2510 1883 2766 1948 versus,
2816 1866 2924 1931 hic

717 2005 975 2070 quoque
1023 1987 1190 2054 viris
1235 1987 1449 2054 doctis
1495 1988 1793 2055 multum
1837 1987 2081 2055 laboris
2127 1989 2418 2071 peperit:

895 2109 1074 2175 Ditis
1119 2109 1476 2176 damnosos
1524 2109 1805 2176 maritos
1850 2110 1976 2176 sub
2022 2110 2294 2177 basilica
2338 2109 2656 2192 quaerito.

807 2229 1109 2313 Plerique
1171 2231 1354 2297 enim
1399 2231 1528 2296 viri
1572 2230 1753 2297 docti
1798 2248 1915 2313 pro
1961 2235 2140 2298 certo
2188 2231 2439 2297 habent
2482 2231 2770 2313 primam
2814 2232 2919 2297 ba-

719 2352 978 2419 silicam
1023 2354 1274 2419 Romae
1319 2353 1739 2420 aedificatam
1785 2370 1934 2419 esse
1979 2370 2019 2418 a
2068 2352 2317 2419 Catone
2364 2352 2611 2419 Maiore
2652 2369 2921 2419 censore

717 2492 777 2540 a.
825 2493 891 2540 u.
941 2492 994 2540 c.
1063 2476 1212 2560 570,
1275 2476 1319 2540 i.
1367 2492 1424 2540 e.
1474 2493 1649 2542 anno
1697 2493 1828 2558 quo
1876 2479 2188 2542 mortuus
2232 2479 2339 2542 est
2386 2475 2688 2542 Plautus.
2738 2476 2918 2558 Quod

719 2598 778 2664 si
836 2597 934 2664 ita
978 2601 1104 2681 est,
1155 2598 1479 2665 nimirum
1524 2615 1659 2665 non
1706 2601 1815 2665 est
1863 2597 2221 2665 verisimile
2268 2616 2369 2664 ve.
2419 2598 2548 2663 472
2597 2615 2639 2663 a
2684 2597 2923 2664 Plauto

719 2721 1047 2802 scriptum
1114 2737 1285 2787 esse.
1355 2721 1485 2787 Sed
1549 2721 1922 2798 videamuS‚
1982 2721 2307 2804 quomodo
2372 2738 2479 2787 res
2539 2739 2611 2787 se
2657 2722 2920 2804 habeat,

720 2841 1006 2924 quidque
1045 2842 1124 2908 de
1171 2859 1250 2909 ea
1295 2842 1626 2915 traditum
1673 2844 1784 2908 sit.
1828 2844 2079 2928 Liviae,
2109 2861 2265 2909 cum
2302 2843 2372 2909 in
2404 2843 2727 2920 incendio,
2749 2843 2921 2925 quod

719 2981 781 3029 a.
834 2964 960 3028 544
1009 2964 1308 3045 pluribus
1356 2964 1559 3030 simul
1607 2963 1769 3030 locis
1814 2964 1989 3031 circa
2036 2964 2251 3031 forum
2302 2968 2528 3030 ortum
2570 2967 2734 3041 erat,
2777 2982 2921 3029 nar-

720 3085 926 3151 rando
988 3085 1323 3166 variisque
1381 3085 1543 3151 locis
1604 3086 1719 3167 qui
1780 3086 1891 3152 illo
1951 3086 2410 3167 comprehensi
2468 3085 2608 3151 sint
2654 3102 2919 3152 enume-

720 3206 965 3289 randiS,
1027 3207 1551 3288 praevertendae
1595 3205 1923 3272 lectorum
1969 3207 2433 3273 admirationis
2478 3224 2699 3291 causa,
2748 3207 2919 3289 quod

722 3328 975 3394 nullam
1019 3326 1362 3393 basilicam
1407 3328 1956 3410 comprehensam
1991 3330 2488 3409 commemoret,
2531 3327 2601 3391 in
2626 3329 2920 3394 transitu

722 3450 887 3516 dixit
934 3453 1084 3516 tum
1132 3449 1430 3515 nondum
1477 3448 1783 3516 basilicas
1828 3449 2055 3530 fuisse,
2104 3451 2335 3515 narrat
2372 3448 2713 3529 XXXIX,
2742 3450 2848 3531 44,
2882 3453 2917 3516 7

723 3574 1046 3639 Catonem
1091 3570 1431 3639 basilicam
1478 3570 1735 3637 fecisse.
1786 3572 1966 3636 Haec
2012 3573 2178 3635 sunt
2223 3570 2399 3635 Livii
2446 3571 2683 3636 verba:
2716 3569 2919 3657 „Cato

721 3694 896 3761 atria
957 3694 1085 3760 duo
1146 3693 1484 3759 Maenium
1548 3694 1619 3758 et
1672 3691 1927 3756 Titium
1974 3691 2045 3755 in
2090 3690 2439 3756 lautumiis
2486 3694 2557 3757 et
2602 3695 2922 3774 quattuor

722 3816 1038 3881 tabernas
1096 3814 1167 3879 in
1229 3813 1565 3895 publicum
1628 3813 1815 3889 emit,
1878 3811 2347 3895 basilicamque
2394 3813 2487 3878 ibi
2531 3812 2706 3897 fecit,
2756 3828 2925 3895 quae

723 3936 952 4003 Porcia
1013 3935 1342 4017 appellata
1405 3933 1578 4001 est’'.
1642 3933 1830 3998 Idem
1893 3935 2126 3998 narrat
2190 3933 2591 3999 Plutarchus
2650 3933 2722 3997 in
2784 3932 2930 3998 vita

727 4056 1002 4124 Catonis
1054 4058 1154 4140 19,
1207 4056 1319 4121 ubi
1365 4055 1444 4123 de
1492 4055 1636 4120 eius
1674 4052 2077 4121 adversariis
2101 4055 2264 4120 haec
2287 4056 2650 4121 memorat:
2682 4051 2935 4138 „oroma

727 4176 787 4241 δὲ
851 4176 954 4240 καὶ
1015 4175 1162 4255 πρὸς
1213 4180 1317 4250 τὴν
1367 4182 1474 4247 τῆς
1529 4182 1865 4249 Βασιλικῆς
1918 4150 2307 4248 κατασκευὴν
2355 4173 2822 4253 ἠναντιώθησαν,
2872 4164 2939 4247 ἣν

801 4436 857 4505 1)
896 4433 994 4489 nio
1031 4400 1260 4490 Maeona
1294 4432 1387 4489 der
1428 4429 1712 4504 Republik.
1750 4427 2093 4483 Rheinisches
2129 4428 2375 4485 Musoum
2416 4431 2550 4486 1868
2588 4447 2637 4502 p.
2677 4429 2760 4483 85.
