3459 5300
1565 587 1650 652 25

510 767 864 830 amovetur
911 767 1015 831 vel
1063 721 1513 840 amovendum
1561 770 1716 834 est?
1766 769 1860 834 cf.
1912 770 2056 834 Ter.
2098 769 2306 833 Andr.
2351 768 2517 834 255:
2564 770 2710 854 „abi

511 884 689 951 cito
725 903 804 952 ac
859 889 1193 968 suspende
1240 886 1376 965 te”,
1401 892 1472 954 et
1520 891 1687 954 600:
1744 890 1939 977 „quid
1988 893 2299 956 causaest
2346 891 2508 972 quin
2556 890 2711 954 hinc

510 1010 578 1074 in
642 1010 1004 1089 pistrinum
1067 1013 1311 1076 recta
1372 1011 1747 1099 proficiscar
1796 1012 2029 1078 via?”
2075 1012 2244 1093 Quid
2291 1011 2557 1077 multa?
2602 1011 2711 1076 Di·

405 1138 414 1144 ’
511 1134 732 1196 rectus
791 1131 1286 1198 restituendum
1350 1137 1458 1198 est
1519 1151 1634 1214 pro
1695 1134 2023 1198 dierectus
2084 1135 2354 1199 notione
2416 1134 2550 1199 fere
2604 1138 2709 1197 τοῦ

510 1255 710 1318 ‘recta'
733 1254 860 1332 via,
911 1254 1024 1319 sed
1071 1253 1412 1335 aliquanto
1460 1254 1681 1319 maius
1728 1255 1930 1320 habet
1967 1255 2225 1336 pondus
2264 1256 2713 1338 maioremque

512 1375 881 1456 emphasin,
945 1374 1043 1440 ita
1104 1378 1185 1440 ut
1231 1375 1407 1456 apud
1455 1375 1772 1441 Plautum
1820 1378 2092 1441 tantum
2140 1393 2273 1441 non
2324 1393 2585 1458 semper
2630 1378 2713 1442 ab

511 1514 587 1563 eo
642 1500 1023 1580 usurpetur,
1082 1497 1197 1578 qui
1252 1497 1471 1562 iratus
1525 1500 1650 1577 est,
1694 1497 2255 1579 quemadmodum
2294 1515 2416 1563 nos
2446 1498 2711 1564 locutio·

512 1636 668 1684 nem
738 1621 878 1705 „als
928 1595 1015 1683 'de
1078 1616 1409 1701 bliksem”,
1478 1619 1536 1683 si
1598 1618 1998 1700 alloquimur
2056 1636 2233 1695 eum,
2288 1636 2487 1702 quem
2534 1620 2713 1685 abire

449 1773 458 1781 -
514 1741 840 1824 iubemus,
892 1740 1009 1805 vix
1055 1757 1354 1822 unquam
1415 1740 1542 1805 nisi
1607 1740 1764 1804 irati
1820 1740 2235 1818 adhibemuS,
2284 1743 2597 1821 quamvis
2643 1740 2714 1807 in

513 1861 678 1943 ipsis
724 1861 946 1927 verbis
990 1861 1454 1927 contumeliosi
1506 1861 1666 1926 insit
1717 1861 1901 1925 nihil.

603 1983 910 2049 Directus
970 1982 1326 2063 opponitur
1379 1983 1461 2060 τῷ
1509 1983 1871 2063 anfractus
1916 1983 2089 2065 apud
2140 1981 2510 2048 Varronem
2559 1983 2711 2048 L.L.
2750 2062 2753 2064 v

519 2107 577 2186 7,
630 2104 691 2179 2,
746 2105 861 2169 15:
932 2104 1040 2189 „in
1102 2103 1352 2168 directo
1406 2103 1649 2184 pedum
1695 2106 1865 2185 octe,
1912 2103 1983 2167 in
2032 2104 2332 2169 anfracto
2376 2104 2713 2171 sexdecim

513 2225 677 2309 (scil.
719 2229 982 2306 oportet
1021 2241 1169 2290 esse
1211 2223 1486 2309 viam)”.
1529 2224 1880 2290 Praeterea
1918 2225 2220 2291 vocabuli
2259 2225 2474 2291 nostri
2511 2244 2716 2293 causa

515 2348 597 2412 cf.
662 2347 795 2412 Cic.
860 2345 1015 2411 Nat.
1083 2346 1160 2411 D.
1223 2346 1276 2427 I,
1342 2347 1462 2412 69:
1535 2347 1670 2431 „ait
1732 2350 2058 2421 atomum,
2109 2364 2265 2412 cum
2312 2349 2599 2428 pondere
2644 2352 2715 2414 et

515 2471 850 2548 gravitate
911 2469 1164 2534 directa
1222 2469 1530 2534 deorsum
1592 2468 1869 2545 feratur,
1917 2467 2246 2534 declinare
2290 2470 2711 2553 paululum’';

415 2626 429 2638 κ
516 2591 595 2675 ΙΙ,
647 2590 806 2656 144:
869 2589 1235 2677 ‚,(auditus)
1283 2589 1660 2656 flexuosum
1704 2591 1837 2656 iter
1883 2590 2101 2672 habet,
2143 2607 2227 2656 ne
2272 2592 2428 2674 quid
2454 2592 2716 2658 ‘intrare

515 2715 748 2795 possit,
810 2715 869 2780 si
930 2712 1214 2795 simplex
1276 2717 1346 2779 et
1406 2713 1736 2778 directum
1782 2713 2124 2794 pateret”;
2174 2713 2379 2779 Acad.
2426 2714 2543 2795 IV,
2591 2715 2712 2779 66:

523 2837 879 2921 „directius
925 2834 1368 2917 gubernant-‚³⁹

607 2958 861 3025 Notum
921 2962 1028 3025 est
1088 2957 1611 3039 compositorum
1674 2959 2027 3023 verborum
2081 2956 2373 3023 initiales
2422 2956 2715 3040 syllabas

516 3082 643 3146 dis·
705 3085 776 3146 et
834 3081 932 3146 de-
994 3081 1063 3146 in
1126 3080 1311 3145 libris
1375 3095 1572 3159 saepe
1633 3077 1970 3155 confundi,
2019 3082 2223 3160 atque
2268 3082 2533 3144 mature
2579 3080 2715 3145 iam

515 3207 682 3268 nata
735 3202 1003 3267 videtur
1048 3201 1398 3277 dubitatio,
1447 3204 1679 3265 utrum
1726 3203 1907 3265 esset
1955 3199 2375 3265 scribendum
2423 3201 2715 3266 directus

517 3344 604 3391 an
665 3326 965 3391 derectus
1025 3324 1223 3407 (Men.
1290 3324 1422 3387 442
1473 3324 1527 3388 B
1589 3323 1807 3404 prima
1862 3341 2069 3388 manu
2115 3324 2316 3389 habet
2360 3324 2710 3403 derectum,

515 3447 725 3512 altera
785 3463 1031 3512 manus
1092 3463 1294 3526 supra
1356 3464 1388 3509 e
1447 3444 1717 3525 scripsit
1778 3444 1806 3508 i
1819 3468 1842 3519 ,·
1907 3444 2101 3509 Most.
2152 3446 2193 3509 8
2248 3444 2297 3509 C
2324 3443 2408 3510 B2
2455 3444 2712 3525 directe,

517 3570 698 3635 Trin.
768 3570 894 3635 457
945 3567 1125 3632 codd.
1177 3566 1466 3632 Palatini
1512 3566 1799 3649 directe).
1847 3564 2287 3631 Grammatici
2332 3570 2714 3647 corruptam

517 3690 804 3756 formam
866 3690 1241 3769 legitimum
1301 3705 1450 3754 esse
1497 3686 1897 3753 vocabulum
1942 3686 2191 3767 opinari
2243 3696 2602 3767 coeperunt
2647 3692 2713 3752 et

519 3813 614 3879 sic
652 3811 762 3877 illa
804 3829 956 3887 voit,
984 3810 1296 3893 quamvis
1335 3810 1427 3875 sit
1466 3809 1675 3889 nihili,
1710 3810 1777 3873 in
1825 3808 2170 3889 plerosque
2213 3808 2387 3874 locos
2426 3808 2714 3891 irrepsit.

518 3932 920 3999 Praesertim
987 3904 1224 3997 versus
1283 3928 1514 4012 quales
1578 3932 1742 3994 sunt
1795 3928 1991 3994 Most.
2041 3929 2172 3993 850
2217 3932 2287 3993 et
2334 3930 2532 3995 Poen.
2583 3929 2712 3996 347

517 4058 786 4135 propter
845 4054 1003 4119 illud
1065 4054 1141 4118 in
1201 4054 1445 4119 ‘malam
1515 4068 1779 4115 crucem
1828 4067 1942 4116 eos
1989 4050 2059 4115 in
2104 4066 2396 4116 errorem
2442 4049 2715 4116 duxisse

517 4174 875 4241 verisimile
921 4178 1048 4240 est.

609 4295 945 4378 Plerisque
989 4295 1149 4361 locis
1193 4295 1407 4362 forma
1451 4310 1610 4359 vera
1655 4292 1927 4359 restitui
1972 4296 2197 4373 potest
2234 4294 2378 4358 sine
2417 4293 2550 4359 ulla
2586 4292 2716 4358 alia

518 4418 912 4484 mutatione.
954 4417 1188 4483 Bacch.
1218 4417 1347 4483 579
1384 4433 1501 4500 pro
1541 4415 1763 4481 recede
1800 4413 1944 4493 lego
1967 4431 2123 4479 cum
2144 4415 2403 4481 Bormo
2429 4415 2712 4483 recedin.
